2872 4410
611 253 807 316 ..7-

179 448 305 514 quoque
329 429 476 492 ciuitates
499 428 533 493 id
556 450 688 513 nomen,
717 451 755 494 ea
779 429 883 514 gloria
907 440 971 514 est,
995 431 1023 493 si
1046 452 1179 494 numero
1205 451 1243 494 ac

178 519 296 580 uirtute
320 519 490 582 comitatus
514 519 660 582 emineat.
1103 597 1106 604 ι

265 605 471 693 Expetuntur
485 608 570 671 enim
592 606 805 690 legationibus
830 616 863 671 et
885 607 1071 671 muneribus
1088 616 1243 671 ornantur
1312 639 1316 646 ·

178 705 210 760 et
233 697 303 782 ipse
326 696 515 782 plerumque
539 695 625 760 fame
649 696 733 760 bella
755 694 936 782 profligant.
986 697 1036 760 14.
1061 694 1143 760 Cum
1167 719 1242 761 uen-

148 849 153 861 ,
178 792 247 848 tum
276 787 309 849 in
339 787 455 869 aciem,
488 793 583 871 turpe
605 786 744 872 principi
766 787 886 849 uirtute
909 785 1004 868 uinci,
1029 794 1122 872 turpe
1146 788 1242 850 comi·

177 875 259 938 tatui
280 875 432 938 uirtutem
456 875 610 961 principis
633 897 698 937 non
721 873 911 959 adaequare.

266 961 336 1027 Iam
366 984 443 1027 uero
475 961 595 1027 infame
624 965 657 1027 in
690 984 817 1027 omnem
847 966 948 1028 uitam
980 984 1018 1027 ac
1050 962 1242 1050 probrosum

178 1055 382 1138 superstitem
406 1053 545 1138 principi
568 1073 625 1116 suo
648 1074 689 1116 ex
711 1053 780 1116 1111
802 1055 989 1118 recessisse:
1020 1051 1110 1115 illurn
1133 1050 1242 1117 defen·

177 1140 263 1224 dere,
288 1143 380 1222 tueri,
405 1163 463 1204 sua
486 1163 611 1226 quoque
630 1141 727 1205 fortia
746 1142 833 1206 facta
849 1141 971 1226 glorias
988 1141 1055 1205 eius
1071 1139 1242 1225 adsignare

179 1231 389 1317 praecipuum
413 1239 649 1294 sacramentum
673 1241 730 1296 est.

266 1317 431 1405 Principes
455 1341 512 1404 pro
528 1319 664 1384 uictoria
686 1329 842 1407 pugnant,
863 1321 996 1383 comites
1012 1339 1070 1403 pro
1086 1320 1240 1405 principe.

266 1404 302 1472 Si
325 1409 449 1491 ciuitas,
474 1408 507 1471 in
531 1429 593 1492 qua
617 1409 680 1471 orti
704 1419 786 1492 sunt,
810 1409 908 1493 longa
931 1429 1010 1494 pace
1034 1417 1067 1472 et
1090 1409 1154 1471 otio
1178 1417 1242 1471 tor·

175 1504 265 1582 psat,
295 1497 440 1583 plerique
462 1497 617 1561 nobilium
648 1494 900 1562 adulescentium
931 1504 1044 1583 petunt
1073 1496 1157 1560 ultro
1187 1519 1241 1561 111

69 1617 73 1624 ·
176 1587 341 1670 nationes,
373 1608 455 1671 quas
485 1595 553 1649 tum
585 1585 704 1650 bellum
736 1585 865 1671 aliquod
888 1595 1016 1672 gerunt,
1041 1587 1115 1671 quia
1139 1587 1240 1650 11111-

177 1685 272 1760 grata
304 1676 394 1759 genti
424 1676 513 1760 quies
547 1685 579 1738 11
608 1674 733 1739 facilius
764 1678 847 1739 inter
879 1676 1030 1761 ancipitia
1063 1675 1242 1738 clarescunt

176 1785 395 1850 magnumque
418 1765 607 1828 comitatum
629 1785 691 1827 non
716 1766 776 1829 nisi
799 1767 832 1829 ui
855 1764 1002 1849 belloque
1025 1773 1144 1828 tueare.

265 1853 411 1938 Exigunt
444 1854 529 1916 enim
559 1853 712 1939 principis
743 1854 791 1917 sui
814 1853 1006 1918 liberalitate
1028 1853 1119 1917 illum
1142 1852 1239 1917 bella-

176 1951 282 2007 torem
320 1937 449 2028 equom,
485 1942 574 2005 illam
608 1951 771 2006 cruentam
806 1944 1037 2028 uictricemque
1074 1942 1239 2006 frameam.

176 2030 263 2096 Nam
284 2032 397 2117 epulae
421 2038 464 2114 et,
488 2052 683 2116 quamquam
707 2033 875 2117 incompti,
904 2032 989 2115 largi
1011 2039 1122 2095 tamen
1144 2051 1242 2117 appa·

175 2130 264 2184 ratus
297 2134 355 2207 pro
392 2118 548 2205 stipendio
584 2119 714 2202 cedunt,
750 2122 886 2184 materia
917 2117 1153 2184 munificentiae
1183 2141 1242 2205 per

176 2209 260 2273 bella
283 2220 314 2273 11
336 2216 457 2295 raptus.
504 2207 575 2272 Nec
598 2230 691 2273 arare
714 2217 834 2273 terram
858 2218 913 2272 aut
936 2219 1105 2294 expectare
1122 2230 1241 2273 annum

175 2306 243 2362 tam
277 2297 369 2362 facile
400 2298 613 2384 persuaseris,
643 2318 739 2384 quam
763 2319 880 2362 uocare
902 2297 1028 2362 hostem
1052 2306 1085 2362 et
1107 2299 1241 2362 uolnera

176 2388 302 2450 mereri.
349 2387 484 2472 Pigrum
507 2389 583 2473 quin
612 2389 711 2450 immo
739 2387 879 2450 11111111
902 2385 1029 2452 uidetur
1052 2384 1166 2450 sudore
1190 2408 1240 2450 ac-

177 2477 319 2562 quirere,
344 2475 429 2560 quod
451 2476 552 2561 possis
577 2478 731 2561 sanguine
754 2498 878 2563 parare.

266 2566 317 2631 15.
342 2563 496 2641 Quotiens
520 2564 604 2628 bella
627 2586 690 2628 non
713 2566 838 2649 incunt,
866 2587 931 2628 non
954 2564 1089 2628 multum
1117 2565 1241 2628 uenati-
1321 2613 1323 2616 -

177 2653 250 2735 bus,
281 2654 352 2740 plus
385 2676 443 2740 per
476 2655 577 2717 otium
608 2655 791 2736 transigunt
822 2652 920 2718 dediti
951 2675 1061 2716 somno
1085 2653 1239 2737 ciboque3

176 2742 368 2806 fortissimus
393 2744 526 2828 quisque
550 2765 587 2805 ac
610 2742 870 2808 bellicosissimus
897 2741 977 2806 nihil
1006 2763 1124 2826 agens,
1155 2741 1240 2806 dele·

177 2841 254 2915 gata
283 2829 395 2895 domus
428 2840 460 2895 11
488 2831 653 2917 penatium
678 2839 709 2894 et
732 2851 884 2914 agrorum
908 2853 984 2894 cura
1006 2829 1133 2894 feminis
1157 2832 1240 2894 seni-

179 2920 299 3005 busque
329 2929 361 2984 et
392 2918 607 2983 infirmissimo
637 2921 751 3005 cuique
782 2943 823 2986 ex
852 2919 990 3002 familia3
1021 2920 1082 3004 ipsi
1111 2919 1239 3003 hebent,

176 3012 258 3074 mira
288 3006 475 3072 diuersitate
507 3018 657 3092 naturas,
690 3008 871 3073 cumidem
895 3008 1038 3073 homines
1062 3009 1108 3072 sic
1132 3016 1241 3073 ament

176 3098 324 3162 inertiam
348 3106 380 3160 11
404 3097 530 3162 oderint
554 3097 720 3182 quietem„

264 3183 336 3249 Mos
369 3197 418 3250 111
449 3186 631 3250 ciuitatibus
663 3186 746 3250 ultro
776 3209 814 3250 ac
841 3185 961 3249 uiritim
985 3185 1131 3249 conferre
1154 3187 1239 3272 prin·

176 3276 300 3362 cipibus
335 3273 386 3338 uel
418 3284 635 3340 armentorum
667 3275 718 3339 uel
749 3275 893 3359 frugum,
927 3274 1011 3360 quod
1038 3295 1097 3359 pro
1120 3272 1240 3338 honore

178 3373 348 3450 acceptum
372 3365 469 3428 etiam
493 3364 738 3428 necessitatibus
762 3365 921 3428 subuenit.

265 3451 417 3518 Gaudent
440 3453 613 3538 praecipue
635 3451 843 3516 finitimarum
866 3453 1011 3536 gentium
1032 3449 1131 3534 donis,
1158 3473 1240 3536 quae

176 3564 240 3606 non
269 3540 364 3606 modo
395 3564 414 3605 a
444 3541 594 3625 singulis,
628 3541 683 3605 sed
716 3551 748 3606 et
777 3541 905 3626 publice
934 3541 1120 3621 mittuntur,
1146 3540 1241 3604 electi

177 3635 260 3715 equi,
284 3653 403 3716 magna
427 3652 526 3710 arma,
544 3629 695 3715 phalerae
711 3640 918 3715 torquesque3
943 3631 1008 3694 iam
1024 3637 1056 3692 11
1072 3631 1241 3715 pecuniam

176 3716 323 3806 accipere
347 3717 522 3784 docuimus.

268 3811 317 3873 16.
342 3807 456 3873 Nullas
480 3805 716 3873 Germanorum
740 3806 865 3894 populis
888 3805 983 3870 urbes
1005 3804 1145 3870 habitari
1164 3807 1240 3870 satis

176 3905 288 3961 notum
312 3907 373 3981 est,
397 3920 437 3962 111
460 3899 528 3984 pati
552 3895 680 3982 quidem
704 3898 787 3961 inter
810 3918 844 3960 se
867 3897 992 3959 iunctas
1015 3895 1116 3960 sedes.
