2872 4410
610 244 807 311 -3-

173 508 194 573 d
262 418 446 505 Argentum
467 428 499 483 et
515 442 629 484 aurum
649 420 821 507 propitiine
837 441 879 484 an
894 421 968 484 irati
984 419 1028 484 dii
1043 421 1238 505 negauerint

194 510 295 575 ubito.

262 597 333 663 Nec
359 607 468 662 tamen
492 595 732 662 adfirmauerim
759 597 879 662 nullam
904 595 1099 663 Germaniae
1121 619 1238 662 uenam

173 697 343 772 argentum
376 707 531 750 aurumne
563 687 715 771 gignere3
752 689 821 772 quis
857 689 941 750 enim
974 696 1132 751 scrutatus
1165 685 1239 752 est?

173 779 376 863 possessione
400 783 432 839 et
455 798 515 838 usu
538 775 624 840 haud
648 776 783 862 proinde
806 774 1008 840 adficiuntur.

261 866 322 930 Est
343 864 454 928 uidere
479 863 563 951 apud
586 864 657 928 illos
681 873 838 950 argentea
860 887 946 948 uasa,
971 865 1087 949 legatis
1103 872 1137 928 et
1153 863 1239 949 prin·

174 955 298 1041 cipibus
330 975 440 1018 corum
469 955 597 1018 muneri
627 953 715 1036 data,
748 976 812 1018 non
841 954 874 1017 in
904 953 968 1018 alia
994 953 1119 1017 uilitate
1141 973 1238 1038 quam

174 1066 255 1129 quae
273 1043 370 1107 humo
392 1041 567 1124 finguntur.
607 1064 801 1128 quamquam
820 1045 960 1129 proximi
980 1041 1021 1106 ob
1043 1063 1136 1106 usum
1153 1063 1238 1104 com·

172 1134 367 1198 merciorum
389 1131 551 1196 aurum'et
566 1141 738 1216 argentum
761 1134 795 1196 in
816 1133 921 1218 pretio
944 1130 1079 1213 habent,
1104 1129 1238 1194 formas-

135 1221 138 1228 ’
173 1243 235 1307 que
259 1219 413 1307 quasdam
444 1229 572 1284 nostrae
600 1223 757 1306 pecuniae
780 1230 958 1306 agnoscunt
982 1230 1080 1305 atque
1104 1219 1237 1304 eligunt.

261 1309 437 1375 interiores
460 1310 634 1396 simplicius
654 1319 686 1374 et
710 1311 871 1395 antiquius
893 1311 1131 1396 permutatione
1154 1330 1237 1374 mer-

173 1401 258 1463 cium
282 1406 424 1462 utuntur.

261 1489 437 1552 Pecuniam
467 1487 605 1573 probant
634 1495 777 1552 ueterem
801 1496 834 1551 et
857 1485 911 1551 diu
941 1497 1068 1569 notam,
1098 1497 1239 1551 serratos

172 1576 372 1663 bigatosque.

261 1665 443 1751 Argentum
460 1685 587 1749 quoque
604 1666 708 1749 magis
725 1685 821 1749 quam
837 1687 950 1728 aurum
968 1672 1128 1746 secuntur,
1152 1663 1240 1728 nulla

173 1754 346 1819 affectione
369 1755 483 1836 animi,
508 1751 564 1817 sed
588 1755 665 1838 quia
687 1775 839 1817 numerus
862 1762 1092 1837 argenteorum
1115 1753 1240 1818 facilior

172 1845 245 1907 usui
270 1853 320 1908 est
342 1843 524 1929 promiscua
547 1863 586 1906 ac
609 1841 686 1906 uilia
709 1841 939 1906 mercantibus.
987 1844 1016 1906 6.
1041 1840 1093 1906 Ne
1115 1842 1239 1906 ferrum

174 1932 305 2018 quidem
328 1940 489 2018 superest,
513 1931 597 1995 sicut
621 1954 662 1996 ex
684 1953 804 2015 genere
828 1931 965 1994 telorum
979 1929 1158 2015 colligitur.

263 2021 341 2084 Rari
371 2020 486 2105 gladiis
517 2028 572 2083 aut
602 2019 776 2084 maioribus
803 2019 922 2084 lanceis
950 2031 1097 2085 utuntur:
1128 2020 1239 2084 hastas

173 2109 226 2174 uel
253 2112 397 2196 ipsorum
427 2107 583 2174 uocabulo
615 2109 757 2173 frameas
784 2118 902 2193 gerunt
925 2118 1063 2192 angusto
1088 2117 1120 2173 ct
1146 2108 1239 2173 breui

173 2199 269 2283 ferro,
288 2196 343 2264 sed
358 2200 404 2263 ita
419 2199 485 2262 aeri
506 2206 539 2261 et
559 2196 601 2261 ad
616 2219 709 2261 usum
724 2197 833 2280 habili,
857 2206 893 2261 ut
910 2195 1023 2261 codam
1045 2198 1119 2282 telo,
1143 2206 1239 2284 prout

174 2288 257 2350 ratio
281 2289 397 2373 poscit,
422 2287 474 2350 uel
497 2287 674 2350 comminus
697 2285 750 2350 uel
773 2289 896 2350 eminus
919 2295 1074 2372 pugnent.

263 2375 308 2440 Et
340 2398 437 2462 eques
470 2375 598 2461 quidem
632 2384 721 2440 scuto
754 2375 939 2462 frameaque
972 2383 1141 2440 contentus
1173 2383 1238 2458 est3

174 2463 300 2550 pedites
325 2475 357 2529 et
379 2464 512 2528 missilia
534 2472 691 2550 spargunt
714 2464 869 2551 pluraque
900 2464 1034 2549 singuli,
1064 2472 1161 2549 atque
1193 2465 1239 2528 in-

174 2575 321 2618 mensum
345 2555 484 2637 uibrant,
509 2552 587 2617 nudi
606 2563 661 2617 aut
685 2553 796 2638 sagulo
820 2555 917 2618 leues.
954 2553 1040 2617 nulla
1056 2553 1158 2617 cultus
1174 2553 1237 2616 iac·

173 2644 269 2725 tati03
294 2651 386 2708 scuta
407 2652 534 2706 tantum
555 2642 738 2706 lectissimis
758 2642 916 2707 coloribus
933 2641 1121 2726 distingunt.
1160 2663 1237 2727 pau·

175 2731 220 2795 cis
243 2732 375 2813 loricae,
407 2733 462 2794 uix
484 2732 538 2794 uni
561 2732 696 2795 alteriue
720 2733 819 2795 cassis
842 2740 898 2796 aut
920 2731 1023 2816 galea.
1070 2731 1152 2817 Equi
1175 2754 1239 2795 non

174 2820 295 2904 forma,
320 2842 383 2885 non
404 2820 577 2884 uelocitate
601 2821 774 2904 conspicui.

265 2907 331 2974 Sed
353 2931 414 2973 nec
437 2911 562 2972 uariare
586 2930 685 2993 gyros
708 2908 742 2972 in
764 2930 888 2972 morem
910 2919 1055 2972 nostrum
1071 2907 1238 2972 docentur:

174 2999 207 3061 in
231 3007 354 3062 rectum
375 3007 431 3062 aut
453 3019 515 3061 uno
531 2997 617 3061 flexu
633 2995 762 3061 dextros
778 3007 887 3081 agunt,
905 2998 951 3061 ita
966 2999 1135 3062 coniuncto
1152 2997 1239 3081 orbe,

174 3095 210 3151 ut
244 3109 339 3151 namo
372 3087 529 3172 posterior
564 3087 613 3149 sit.
668 3088 702 3149 in
733 3088 919 3150 uniuersum
951 3087 1135 3150 aestimanti
1167 3086 1239 3173 plus

174 3198 272 3262 penes
303 3175 444 3262 peditem
470 3175 610 3258 roboris3
635 3195 736 3260 eoque
759 3176 853 3238 mixti
875 3175 1084 3261 proeliantur,
1109 3184 1185 3260 apta
1208 3184 1241 3239 ct

174 3273 372 3350 congruente
407 3262 448 3328 ad
483 3273 667 3350 equestrem
701 3285 843 3350 pugnam
880 3263 1052 3328 uelocitate
1083 3263 1237 3350 peditum,

175 3375 254 3440 quos
279 3376 319 3417 ex
343 3355 429 3416 omni
452 3355 619 3417 iuuentute
643 3351 783 3436 delectos
807 3361 882 3416 ante
905 3355 1008 3417 aciem
1031 3353 1148 3417 locant.

263 3439 425 3506 Definitur
446 3451 479 3506 et
500 3463 669 3506 numerus:
695 3443 822 3506 centeni
838 3463 877 3505 ex
893 3442 1029 3526 singulis
1044 3442 1137 3527 pagis
1154 3449 1238 3524 sunt,

174 3528 271 3616 idque
293 3533 399 3617 ipsum
413 3533 498 3595 inter
515 3552 587 3595 suos
610 3539 775 3614 uocantur,
801 3539 833 3594 et
856 3530 941 3615 quod
964 3531 1104 3616 primum
1127 3550 1237 3594 nume·

174 3641 228 3682 rus
251 3620 328 3704 fuit,
352 3623 417 3685 iam
441 3641 558 3684 nomen
581 3627 614 3684 et
636 3619 739 3684 honor
762 3628 819 3684 est.

262 3709 360 3772 Acies
383 3731 441 3795 per
460 3730 577 3774 cuneos
594 3710 804 3795 componitur.
840 3706 955 3772 cedere
969 3707 1049 3790 loco,
1067 3706 1240 3771 dummodo

173 3819 283 3861 rursus
307 3799 421 3882 instes,
446 3797 570 3862 consilii
593 3819 691 3882 quam
713 3794 892 3862 formidinis
914 3795 1121 3860 arbitrantur.
1161 3794 1239 3860 Cor-

173 3908 253 3971 pora
283 3908 415 3950 suorum
444 3887 541 3952 etiam
567 3888 599 3950 in
623 3884 727 3950 dubiis
750 3885 879 3973 proeliis
901 3885 1055 3952 referunt.
1103 3882 1238 3950 Scutum
