2872 4410
629 179 844 242 „11-

295 357 348 423 23.
379 356 474 420 Potui
490 376 583 419 umor
598 377 640 419 ex
658 353 778 420 hordeo
795 363 850 421 aut
866 355 1036 432 frumento,
1061 357 1094 420 in
1110 357 1271 442 quandam

203 442 445 509 similitudinem
484 446 549 509 uiui
581 454 766 530 corruptus:
801 446 940 532 proximi
971 446 1062 531 ripae
1095 458 1126 510 et
1160 447 1270 511 uinum

206 542 399 600 mereantur.

295 621 368 688 (libi
391 623 568 708 simplices,
603 623 746 705 agrestia
768 644 880 707 poma,
915 645 1026 687 recens
1050 621 1119 687 fera
1142 632 1198 689 aut
1221 623 1270 688 lao

203 721 405 776 concretum:
438 713 507 776 sine
539 720 712 797 apparatu,
749 713 816 776 sinc
848 709 1075 776 blandimentis
1108 711 1272 799 expellunt

206 801 334 868 famem.
365 799 529 865 Aduersus
553 801 639 864 sitim
661 821 726 864 non
743 798 855 864 eadem
871 802 1094 886 temperantia.
1127 801 1153 866 si
1167 799 1270 865 indul·

207 890 285 954 seris
319 889 468 955 ebrietati
497 887 699 974 suggerendo
732 897 887 974 quantum
918 891 1160 976 concupiscunt,
1194 890 1272 955 haut

207 979 312 1042 minus
336 978 430 1043 facile
453 979 540 1042 uitiis
564 999 660 1064 quam
684 979 782 1042 armis
805 979 983 1042 uincantur.

296 1067 347 1131 24.
373 1063 485 1132 Genus
509 1067 763 1154 spectaculorum
786 1088 884 1131 unum
907 1076 1004 1153 atque
1024 1068 1161 1132 inomni
1178 1075 1272 1132 coetu

205 1154 300 1221 idem.
340 1153 430 1219 Nudi
445 1158 588 1241 iuuenes,
612 1156 727 1242 quibus
742 1154 775 1219 id
790 1155 948 1220 ludicrum
965 1165 1024 1237 est,
1046 1157 1131 1220 inter
1146 1154 1271 1241 gladios

203 1267 240 1310 se
261 1254 358 1329 atque
381 1244 514 1309 infestas
538 1244 677 1310 frameas
694 1244 776 1309 saltu
796 1246 926 1312 iaciunt.
966 1246 1152 1310 exercitatio
1168 1253 1272 1309 artem

205 1335 349 1420 parauit,
373 1356 426 1398 ars
449 1332 617 1417 decorem,
641 1355 704 1397 non
727 1336 761 1398 in
784 1343 954 1421 quaestum
976 1343 1085 1398 tamen
1108 1343 1164 1398 aut
1188 1356 1270 1398 mer·

208 1422 334 1487 cedem:
370 1423 517 1508 quamuis
549 1421 679 1488 audacis
709 1423 861 1488 lasciuiae
887 1424 1027 1510 pretium
1050 1432 1099 1487 est
1122 1423 1271 1508 uoluptas

182 1563 183 1568 1
207 1512 432 1598 spectantium.

294 1597 419 1681 Aleam,
444 1599 529 1686 quod
546 1600 671 1681 mirere,
689 1599 787 1664 sobrii
803 1601 886 1664 iuter
902 1602 986 1665 seria
1001 1609 1163 1682 exercent,
1180 1608 1271 1665 tauta

205 1688 350 1755 lucrandi
366 1689 562 1776 perdendiue
579 1690 770 1773 temeritate,
787 1699 833 1773 ut,
858 1711 932 1753 cum
947 1691 1054 1754 omnia
1072 1689 1270 1772 defecerunt,

204 1789 351 1843 extremo
381 1801 420 1842 ac
448 1779 622 1858 nouissimo
652 1779 739 1842 iactu
770 1777 810 1842 de
833 1777 984 1843 libertate
1011 1802 1049 1843 ae
1072 1778 1112 1843 de
1135 1801 1271 1865 corpore

205 1866 412 1934 contendant.
443 1867 558 1932 Victus
580 1866 794 1931 uoluntariam
814 1870 1002 1932 seruitutem
1017 1867 1098 1932 adit:
1124 1869 1272 1954 quamuis

207 1957 370 2039 iuuenior,
405 1958 552 2041 quamuis
576 1957 756 2040 robustior,
792 1955 917 2041 alligari
944 1979 980 2021 se
1007 1980 1045 2021 ac
1076 1959 1186 2021 uenire
1217 1979 1273 2043 pa·

206 2045 294 2109 titur.
341 2043 392 2109 Ea
415 2055 465 2110 est
486 2046 519 2109 in
542 2066 577 2109 re
600 2066 700 2131 praua
722 2047 920 2131 peruicacia:
946 2047 1008 2132 ipsi
1024 2043 1121 2109 fidem
1144 2055 1271 2111 uocant.

206 2130 326 2199 Seruos
359 2132 553 2198 condicionis
589 2133 683 2197 huius
721 2155 779 2219 per
817 2136 1011 2199 commercia
1048 2134 1197 2216 tradunt,
1236 2142 1272 2198 ut

205 2243 240 2286 se
270 2244 397 2308 quoque
424 2223 546 2310 pudore
574 2223 728 2287 uictoriae
755 2224 930 2288 exsoluaut.
977 2225 1029 2290 25.
1057 2221 1182 2288 Ceteris
1206 2245 1270 2287 ser·

206 2311 256 2373 uis
278 2334 342 2375 non
365 2313 398 2375 in
420 2322 566 2377 nostrum
587 2333 710 2376 morem
733 2309 902 2399 descriptis
922 2334 980 2399 per
1003 2312 1157 2377 familiam
1180 2313 1273 2376 mini·

206 2399 311 2463 steriis
355 2410 504 2466 utuntur:
546 2423 637 2465 suam
687 2402 822 2486 quisque
862 2400 988 2485 sedem,
1034 2423 1108 2466 suos
1147 2403 1272 2488 penatis

207 2491 301 2572 regit.
348 2489 517 2555 Frumenti
540 2488 669 2555 modum
693 2487 839 2555 domiuus
862 2499 919 2555 aut
941 2493 1065 2577 pecoris
1092 2500 1148 2555 aut
1172 2491 1272 2554 uestis

207 2585 242 2641 ut
272 2578 382 2643 colono
416 2580 570 2662 iniungit,
607 2588 641 2643 et
676 2599 786 2642 seruus
817 2579 971 2643 hactenus
1007 2589 1109 2664 paret.
1157 2577 1274 2644 Cetera

207 2663 319 2731 domus
336 2666 442 2732 officia
458 2689 540 2732 uxor
555 2688 593 2731 ac
608 2666 702 2731 liberi
718 2678 927 2753 exequuntur.
957 2668 1127 2732 uerberare
1144 2689 1273 2733 seruum

207 2777 245 2819 ac
273 2756 410 2821 uinculis
443 2765 475 2820 et
503 2778 600 2842 opere
623 2755 794 2821 cohercere
826 2779 952 2822 rarum:
988 2757 1133 2822 occidere
1157 2758 1270 2840 solent,

206 2866 269 2909 non
292 2845 461 2931 disciplina
484 2853 516 2908 et
539 2845 722 2927 seuemtate,
747 2843 804 2910 sed
827 2847 950 2932 impetu
974 2848 1085 2928 stira,
1111 2853 1145 2909 ut
1169 2846 1273 2909 inimi·

208 2955 292 3018 cum,
315 2935 378 2997 nisi
401 2931 486 3018 quod
509 2935 639 3019 impune
663 2941 721 2997 est.

296 3021 422 3087 Liberti
444 3044 508 3087 uon
529 3021 666 3086 multum
689 3043 786 3107 supra
809 3043 918 3086 seruos
941 3032 1028 3088 suut:
1053 3045 1127 3087 raro
1144 3021 1273 3108 aliquod

207 3119 405 3175 momentum
427 3112 459 3174 in
484 3109 588 3193 domo,
612 3131 787 3196 numquam
803 3112 835 3173 in
852 3112 994 3194 ciuitate,
1020 3113 1163 3198 exceptis
1184 3111 1272 3175 dum-

207 3208 298 3264 taxat
321 3198 348 3262 is
372 3199 539 3284 gentibus,
573 3220 655 3284 quae
678 3207 864 3282 regnantur.
911 3199 962 3263 lbi
994 3203 1079 3264 enim
1108 3209 1141 3265 et
1177 3222 1273 3287 super

206 3289 361 3372 ingenuos
378 3297 410 3352 et
425 3311 522 3375 super
538 3288 659 3352 nobiles
676 3285 867 3352 ascendunt:
893 3288 978 3374 apud
995 3298 1118 3354 eeteros
1134 3289 1272 3370 impares

206 3375 347 3441 libertini
369 3377 526 3441 libertatis
550 3387 775 3459 argumentum
799 3385 881 3440 sunt.

296 3467 348 3532 26.
387 3466 515 3530 Faenus
538 3467 664 3549 agitare
687 3467 768 3530 etin
783 3487 897 3529 usuras
914 3465 1090 3531 extendere
1105 3468 1272 3550 ignotum3

207 3551 344 3640 ideoque
373 3556 478 3639 magis
511 3563 673 3637 seruatur,
709 3576 806 3639 quam
829 3555 857 3617 si
879 3556 1015 3618 uetitum
1049 3564 1143 3620 esset.
1190 3553 1273 3638 Agri

207 3664 265 3728 pro
288 3666 422 3709 numero
446 3643 604 3707 cultorum
628 3642 667 3706 ab
691 3644 849 3708 uniuersis
873 3645 945 3707 uice
961 3652 1168 3731 occupantur,
1193 3664 1272 3728 quos

207 3753 285 3795 mox
306 3734 391 3797 inter
414 3756 448 3798 se
477 3729 652 3797 secundum
686 3729 906 3816 dignationem
940 3733 1138 3818 partiuntur3
1171 3731 1271 3796 laoili-

207 3828 310 3884 tatem
344 3821 503 3908 partiendi
533 3841 720 3906 camporum
753 3821 857 3907 spatia
889 3821 1055 3906 praebent.
1102 3819 1192 3885 Arua
1214 3842 1273 3907 per
