2872 4410
586 209 802 273 ..14-

165 386 296 456 bellum.
341 389 406 452 rari
441 409 594 451 excursus
629 397 661 450 et
694 387 826 451 fortuita
857 408 977 473 pugna.
1035 388 1231 472 equestrium

166 499 242 542 sane
264 477 382 542 uirium
405 477 437 541 id
460 477 636 563 proprium,
662 478 725 540 cito
749 498 866 562 parare
888 477 1068 560 uictoriam,
1094 476 1159 539 cito
1183 497 1231 540 ce-

166 564 257 630 dere:
281 565 436 630 uelocitas
459 568 549 629 iuxta
572 562 806 649 formidinem,
821 566 980 630 conctatio
1002 566 1134 650 propior
1158 587 1229 628 eon·

165 657 301 719 stantiae
318 665 374 719 est.
423 657 475 719 31.
500 655 544 717 Et
559 654 629 719 aliis
647 652 884 718 Germanorum
899 654 1026 740 populis
1041 661 1231 740 usurpatum

165 765 238 808 raro
263 754 295 808 et
317 746 445 830 priuata
469 745 622 828 cuiusque
650 742 801 807 audentia
834 741 919 829 apud
943 742 1076 806 Chattos
1100 744 1132 805 111
1157 764 1230 806 0011-

165 854 294 897 sensum
317 834 425 917 uertit,
449 843 485 896 ut
507 833 646 918 primum
663 831 870 916 adoleuerint,
895 833 1016 895 crinem
1033 831 1232 916 barbamque

166 921 370 1006 submittere,
404 943 465 986 nec
488 923 550 986 nisi
571 921 663 986 hoste
686 943 778 986 caeso
802 943 921 986 exuere
943 922 1085 984 uotiuum
1111 920 1231 1004 obliga-

164 1021 297 1096 tumque
320 1012 432 1075 uirtuti
456 1013 519 1074 oris
542 1010 697 1075 habitum.
745 1031 840 1097 super
863 1011 1052 1094 sanguinem
1077 1018 1109 1073 et
1129 1009 1231 1096 spolia

165 1099 310 1164 reuelant
333 1101 487 1181 frontem,
513 1120 611 1184 seque
635 1109 703 1163 tum
726 1097 853 1163 demum
877 1100 982 1185 pretia
1005 1096 1158 1163 nascendi
1179 1120 1229 1162 re·

164 1189 274 1252 tulisse
298 1188 476 1274 dignosque
499 1191 604 1274 patria
626 1211 664 1253 ac
687 1188 874 1274 parentibus
897 1189 1022 1252 ferunt:
1046 1188 1173 1272 ignauis
1197 1196 1231 1251 et

164 1276 335 1342 inbellibus
366 1287 476 1342 manet
507 1277 644 1362 squalor.
696 1277 887 1341 fortissimus
921 1278 1055 1362 quisque
1090 1276 1230 1340 ferreum

164 1367 296 1452 insuper
325 1367 455 1431 anulum
485 1363 748 1450 (ignominiosum
771 1365 804 1430 id
828 1366 930 1450 genti)
955 1367 1042 1429 uelut
1065 1365 1228 1429 uinculum

166 1464 285 1540 gestat,
311 1453 412 1520 donee
436 1477 469 1519 se
492 1454 592 1520 caede
614 1454 714 1519 hostis
737 1454 892 1521 absoluat.
926 1519 929 1524 ,

254 1545 403 1608 Ρ1111111110
419 1542 610 1608 Chattorum
625 1543 678 1608 hie
693 1543 800 1629 placet
815 1543 953 1628 habitus,
970 1544 1098 1628 iamque
1115 1551 1230 1607 canent

164 1634 308 1718 insignes
338 1644 371 1698 et
398 1632 543 1697 hostibus
577 1634 671 1697 simul
699 1635 828 1718 suisque
860 1633 1038 1696 monstrati.
1086 1633 1229 1695 omnium

165 1744 263 1809 penes
279 1721 337 1787 hos
353 1724 445 1786 initia
460 1743 658 1808 pugnarum3
682 1721 761 1785 haec
777 1723 882 1808 prima
897 1743 1024 1807 semper
1046 1723 1142 1804 acies,
1159 1721 1231 1784 uisu

167 1807 269 1894 noua,
306 1833 381 1876 nam
409 1833 450 1875 ne
482 1813 516 1874 in
544 1833 623 1897 pace
651 1808 778 1895 quidem
810 1811 897 1875 cultu
927 1811 1055 1873 mitiore
1084 1831 1231 1873 mansue·

166 1909 267 1964 scunt.
315 1901 393 1964 nulli
416 1900 529 1965 domus
553 1909 608 1963 aut
637 1921 717 1984 ager
740 1909 795 1963 aut
818 1899 925 1984 aliqua
947 1921 1040 1963 cura:
1071 1907 1167 1985 prout
1189 1897 1231 1962 ad

166 2010 326 2074 quemque
342 2011 469 2070 uenere,
486 1989 624 2072 aluntur,
645 1986 772 2074 prodigi
788 1988 893 2072 alieni,
917 1997 1154 2074 contemptores
1171 1988 1229 2080 sui,

165 2077 267 2143 donec
283 2079 455 2162 exsanguis
478 2087 625 2142 senectus
641 2087 709 2142 tam
728 2075 826 2140 durae
842 2078 955 2141 uirtuti
967 2078 1108 2162 impares
1120 2076 1228 2140 faeiat.

258 2169 310 2234 32.
356 2167 500 2231 Proximi
535 2165 661 2231 Chattis
700 2175 824 2231 certum
858 2167 922 2229 iam
956 2165 1049 2230 alueo
1082 2164 1231 2228 Rhenum

167 2259 286 2342 quique
310 2258 465 2321 terminus
490 2279 559 2320 esse
592 2254 728 2319 sufficiat
750 2255 844 2340 Vsipi
873 2277 910 2318 ac
935 2252 1089 2318 Tencteri
1112 2253 1230 2317 oolunt.

166 2345 318 2410 Tencteri
342 2367 438 2431 super
461 2345 590 2409 solitum
613 2344 769 2408 bellorum
793 2343 888 2407 decus
912 2344 1069 2428 equestria
1092 2342 1230 2428 discipli·

162 2457 224 2499 nae
247 2443 316 2498 arte
339 2433 554 2520 praecellunt3
586 2455 647 2498 neo
674 2433 776 2496 maior
808 2432 895 2517 apud
918 2431 1052 2495 Chattos
1085 2430 1230 2518 peditum

161 2523 247 2606 laus,
281 2544 378 2608 quam
403 2521 572 2587 Tencteris
596 2523 747 2607 equitum.
796 2518 850 2586 Sic
879 2522 1047 2584 instituere
1080 2521 1229 2602 maiores,

163 2613 285 2699 posteri
317 2613 493 2676 imitantur.
540 2611 586 2675 Hi
619 2612 707 2675 lusus
741 2610 929 2690 infantium,
963 2609 1044 2675 haec
1078 2611 1233 2672 iuuenum

164 2701 351 2784 aemulatio,
377 2709 587 2786 perseuerant
610 2721 712 2766 senes.
758 2701 842 2763 inter
865 2698 1019 2762 familiam
1042 2707 1074 2762 et
1097 2707 1231 2784 penates

164 2799 195 2854 et
219 2793 290 2853 iura
314 2791 550 2853 successionum
575 2790 648 2874 equi
680 2785 867 2852 traduntur:
901 2789 1021 2874 exeipit
1044 2785 1142 2871 filius,
1167 2809 1230 2851 uon

163 2888 199 2943 ut
224 2890 330 2943 cetera
352 2879 512 2942 maximus
535 2887 623 2961 natu,
649 2877 705 2942 sed
728 2887 823 2962 prout
847 2876 938 2940 ferox
957 2876 1042 2940 bello
1059 2885 1092 2940 et
1107 2875 1229 2941 melior.

254 2969 305 3032 33.
331 2966 427 3031 quta
445 2966 622 3031 Tencteros
639 2964 788 3029 Bructeri
804 2967 879 3030 olim
896 2965 1122 3048 occurrebant;
1146 2985 1230 3029 nunc

164 3053 345 3120 Chamauos
363 3064 395 3120 et
411 3053 624 3140 Angriuarios
640 3055 846 3139 immigrasse
861 3064 1010 3117 narratur
1022 3053 1121 3140 pulsis
1131 3052 1230 3117 Bruc-

162 3147 241 3210 teris
264 3168 301 3210 ac
324 3146 453 3231 penitus
478 3147 594 3210 excisis
610 3145 786 3208 uicinorum
804 3164 958 3208 consensu
974 3145 1150 3224 nationum,
1175 3164 1230 3205 seu

165 3234 334 3319 superbiae
358 3232 431 3298 odio
455 3257 511 3298 seu
534 3232 674 3320 praedae
698 3229 864 3296 dulcedine
888 3253 942 3295 seu
966 3231 1076 3296 fauore
1092 3229 1231 3316 quodam

164 3345 242 3407 erga
264 3346 321 3388 nos
344 3321 494 3406 deorum3
518 3345 593 3387 nam
615 3344 656 3386 ne
677 3321 859 3407 spectaculo
875 3319 1003 3406 quidem
1019 3321 1133 3406 proelii
1148 3320 1228 3382 inui-

164 3411 250 3476 dere.
299 3435 394 3499 super
411 3410 494 3479 LX.
511 3411 599 3475 milia
622 3432 686 3475 non
709 3412 807 3474 armis
830 3409 966 3494 telisque
983 3409 1149 3491 Romanis,
1174 3405 1230 3472 sed

166 3501 253 3586 quod
275 3498 534 3584 magnificentius
551 3509 609 3582 est,
635 3500 841 3564 oblectationi
857 3498 1020 3584 oculisque
1037 3497 1230 3563 oeciderunt.

163 3599 309 3668 maneat,
334 3611 468 3675 quaeso,
493 3589 651 3675 duretque
674 3588 838 3673 gentibus,
869 3589 896 3650 si
919 3608 983 3652 non
1006 3609 1095 3651 amor
1118 3587 1232 3671 nostri,

164 3687 198 3742 at
221 3689 310 3743 certe
333 3677 440 3742 odium
464 3681 523 3760 sui,
549 3677 675 3764 quando
698 3676 888 3760 urgentibus
911 3677 1038 3762 imperii
1061 3675 1136 3739 fatis
1152 3675 1232 3739 nihil

164 3768 240 3919 iarnd
253 3775 417 3853 praestare
440 3767 585 3831 Fortuna
615 3768 716 3832 maius
746 3775 853 3852 potest
885 3787 981 3851 quam
1003 3763 1144 3828 hostium
1169 3765 1229 3830 dis·

165 3877 220 3920 cor
241 3878 315 3920 ram.
