2872 4410
256 1241 284 1303 i.
310 1235 484 1303 Germania
507 1239 608 1301 omnis
631 1259 651 1301 a
674 1235 776 1302 Gallis
799 1234 972 1322 Raetisque
998 1246 1030 1300 et
1054 1236 1227 1300 Pannoniis

165 1327 278 1392 Rheno
294 1350 332 1391 ac
347 1327 498 1390 Danuuio
514 1325 706 1407 fluminibus,
729 1349 749 1389 a
764 1324 920 1391 Sarmatis
936 1326 1101 1410 Dacisque
1117 1337 1227 1390 mutuo

164 1427 252 1482 metu
284 1425 339 1479 aut
368 1415 528 1480 montibus
558 1425 735 1500 separatur.
790 1414 907 1480 Oetera
937 1412 1084 1480 Oceanus
1116 1415 1226 1498 ambit,

163 1506 246 1570 latos
262 1507 348 1570 sinus
364 1514 396 1568 et
410 1503 585 1568 insularum
600 1506 746 1568 inmensa
762 1500 864 1590 spatia
880 1504 1104 1590 complectens,
1126 1527 1228 1590 nuper

165 1596 303 1680 cognitis
341 1594 532 1680 quibusdam
564 1593 713 1678 gentibus
744 1615 782 1658 ac
813 1593 957 1678 regibus,
994 1615 1073 1678 qnos
1107 1593 1226 1658 bellum

166 1686 300 1770 aperuit.

254 1772 398 1854 Rhenus,
422 1773 628 1836 Raeticarum
650 1769 783 1856 Alpium
809 1772 970 1834 inaccesso
994 1792 1031 1834 ac
1061 1771 1229 1857 praecipiti

166 1862 288 1925 uertice
312 1869 409 1938 ortus,
432 1859 557 1925 modico
581 1860 666 1924 flexu
690 1863 722 1922 in
746 1859 942 1924 occidentem
965 1882 1077 1924 uersus
1102 1870 1227 1947 septen-

166 1949 294 2014 trionali
319 1947 448 2014 Oceano
471 1951 631 2014 miscetur.
730 2007 737 2024 χ

255 2039 432 2120 Danuuius,
460 2039 549 2103 molli
573 2048 605 2102 et
628 2040 801 2102 clementer
824 2037 909 2100 edito
931 2039 1049 2101 montis
1072 2036 1230 2102 Abnobae

165 2129 241 2212 iugo
259 2127 389 2209 effusus,
408 2128 508 2214 pluris
531 2127 665 2214 populos
688 2127 764 2209 adit,
790 2126 890 2191 donec
906 2128 938 2190 in
954 2127 1123 2191 Ponticum
1139 2148 1230 2190 mare

169 2239 227 2281 sex
255 2217 413 2282 meatibus
441 2225 602 2302 erumpat:
628 2217 798 2302 septimum
822 2237 857 2278 os
881 2214 1049 2301 paludibus
1073 2215 1228 2279 hauritur.

257 2308 286 2369 2.
311 2305 402 2393 Ipsos
427 2303 605 2371 Germanos
628 2304 795 2390 indigenas
818 2303 1009 2369 crediderim
1034 2305 1230 2390 minimeque

168 2394 302 2458 aliarum
325 2395 470 2479 gentium
493 2394 683 2458 aduentibus
708 2404 740 2459 et
762 2394 909 2478 hospitiis
932 2395 1059 2474 mixtos,
1082 2395 1156 2479 quia
1170 2416 1230 2457 nec

168 2492 257 2548 terra
287 2483 361 2546 olim
389 2481 445 2548 scd
472 2483 626 2547 classibus
649 2481 887 2548 aduehcbantur
912 2484 964 2568 qui
987 2493 1114 2546 mutare
1137 2480 1229 2546 sedes

169 2573 375 2658 quaerebant,
400 2581 432 2636 et
454 2573 615 2637 inmensus
638 2573 721 2636 ultra
744 2581 844 2657 utque
864 2573 910 2636 sic
926 2569 1062 2634 dixerim
1078 2568 1229 2634 aduersus

169 2659 318 2726 Oceanus
340 2663 420 2724 raris
439 2661 480 2724 ab
497 2662 574 2725 orbe
595 2671 703 2725 nostro
719 2662 853 2725 nauibus
870 2658 985 2723 aditur.
1025 2656 1105 2736 Quis
1121 2681 1227 2745 porro,

168 2758 296 2835 praeter
319 2749 495 2836 periculum
519 2750 639 2815 horridi
663 2760 695 2814 et
711 2751 813 2833 ignoti
827 2750 934 2831 maris,
951 2745 1031 2811 Asia
1046 2759 1102 2812 aut
1117 2746 1231 2812 Africa

169 2847 225 2902 aut
248 2837 342 2902 Italia
371 2839 483 2902 relicta
512 2837 720 2903 Germaniam
750 2847 890 2924 peteret,
922 2836 1092 2900 informem
1124 2839 1229 2918 terris,

169 2949 318 3013 asperam
328 2927 426 3010 caelo,
440 2929 564 2991 tristem
576 2927 664 2992 cultu
679 2936 884 3012 aspectuque,
898 2928 959 2988 nisi
972 2926 1032 2996 sibi
1047 2927 1152 3012 patria
1164 2925 1229 2988 eit?

258 3014 430 3081 Celebrant
446 3017 639 3081 carminibus
658 3017 806 3102 antiquis,
832 3013 917 3102 quod
939 3036 1036 3078 unum
1057 3015 1144 3100 apud
1159 3016 1230 3079 illos

168 3106 342 3169 memoriae
365 3114 398 3168 et
421 3106 583 3169 annalium
606 3127 707 3190 genus
731 3115 791 3187 est,
822 3103 1002 3169 Teutonem
1025 3101 1121 3168 deum
1144 3113 1231 3168 terra

170 3193 300 3258 editum.
347 3193 388 3257 Ei
410 3193 510 3258 filium
532 3193 695 3277 Mannum,
720 3195 876 3277 originem
896 3193 1001 3278 gentis
1020 3192 1230 3257 conditorem·

171 3305 244 3368 que,
276 3281 395 3346 Manno
426 3283 484 3348 tris
511 3283 594 3347 filios
624 3285 804 3368 assignant,
836 3305 853 3346 e
883 3303 1018 3367 quorum
1050 3281 1231 3345 nominibus

170 3373 308 3456 proximi
339 3370 470 3436 Oceano
502 3371 717 3458 Ingaeuoner,
748 3370 847 3435 medii
873 3369 1101 3454 Herminones,
1132 3372 1232 3434 ceteri

170 3459 358 3524 Istaeuones
381 3470 544 3525 nocentur.
592 3459 744 3544 Quidam,
775 3469 810 3523 ut
838 3461 871 3522 in
899 3460 1028 3524 licentia
1050 3461 1230 3540 uetustatis,

171 3549 271 3634 pluris
295 3547 334 3612 de
358 3558 497 3613 coortos
519 3549 691 3637 pluresque
715 3549 820 3634 gentis
843 3548 1083 3635 appellationes,
1107 3547 1231 3612 Marsos

173 3635 377 3703 Gambriuios
401 3636 521 3703 Suebos
543 3636 723 3722 Vandilios,
754 3635 940 3720 adfirmant,
969 3659 1071 3722 eaque
1098 3658 1177 3701 uera
1200 3646 1232 3700 et

172 3728 304 3812 antiqua
330 3729 472 3796 nomina„
516 3725 667 3792 Oetcrum
691 3725 885 3793 Germaniae
908 3726 1098 3789 uocabulum
1122 3746 1233 3790 recens

172 3824 204 3878 et
227 3837 328 3902 nuper
351 3815 504 3899 additum,
529 3819 679 3901 quoniam
697 3819 751 3902 qui
766 3816 862 3902 primi
877 3815 1022 3879 Rhenum
1039 3816 1233 3898 transgressi

252 3922 327 3962 Taciti
341 3922 470 3962 Germania.
1058 3905 1071 3957 Ῑ
