2872 4410
635 213 829 276 ..6-

268 446 269 450 ,
290 383 460 452 Silentium
483 409 541 473 per
564 389 760 471 sacerdotes,
790 390 905 476 quibus
928 397 997 454 tum
1021 399 1053 454 et
1076 391 1267 456 cohercendi

201 477 250 539 ius
283 484 345 560 est,
377 477 564 562 imperatur.
611 498 687 542 mox
713 500 772 542 rex
794 479 847 543 1161
870 480 1034 565 princeps,
1058 490 1154 566 prout
1177 490 1267 546 aetas

201 567 326 652 cuique,
350 573 446 651 prout
468 565 634 649 nobilitas,
658 575 754 653 prout
777 565 874 632 decus
899 567 1072 658 bellorum,
1103 578 1198 656 prout
1221 570 1266 634 fa-

201 653 319 718 cundia
348 661 410 737 est,
441 654 625 740 audiuntur,
649 657 841 720 auctoritate
864 655 1019 723 suadendi
1041 661 1145 743 magis
1170 680 1267 745 quam

200 741 331 807 iubendi
354 750 522 829 potestate.
570 746 597 809 si
620 743 782 831 displicuit
805 748 977 828 sententia,
1002 746 1134 811 fremitu
1157 770 1266 834 asper·

199 843 333 915 nantur3
358 832 406 895 sin
428 831 565 918 placuit,
590 834 730 900 frameas
753 837 954 899 concutiunt:
984 835 1268 901 honoratissimum

201 919 355 986 adsensus
379 942 480 1005 genus
504 930 552 986 est
574 925 673 987 armis
696 922 837 988 laudare.

292 1011 342 1076 12.
377 1009 473 1074 Licet
518 1011 604 1098 apud
649 1013 819 1077 concilium
866 1033 1016 1076 accusare
1063 1034 1190 1098 quoque
1234 1024 1267 1078 et

201 1098 371 1250 dislcrimen
412 1100 525 1185 capitis
568 1099 744 1166 intendere.
806 1101 969 1166 distinctio
1011 1123 1187 1187 poenarum
1226 1125 1267 1167 ex

201 1187 241 1252 de
255 1189 329 1254 icto.

289 1273 471 1339 Proditores
495 1285 527 1341 et
549 1277 733 1362 transfugas
753 1279 922 1344 arboribus
938 1279 1153 1365 suspendunt3
1178 1279 1267 1362 igna-

200 1387 257 1429 uos
290 1375 323 1430 et
352 1363 484 1430 inbelles
509 1375 541 1430 et
565 1389 697 1453 corpore
721 1367 856 1433 infames
880 1390 980 1432 caeno
1002 1390 1041 1432 ac
1064 1367 1195 1454 palude,
1220 1369 1265 1431 in-

199 1455 284 1519 iecta
306 1456 437 1540 insuper
461 1464 494 1518 et
517 1466 615 1539 crate,
639 1465 799 1541 mergunt.
839 1456 1008 1522 diuersitas
1024 1457 1172 1543 supplicii
1192 1456 1267 1522 illuc

199 1545 340 1630 respicit,
357 1553 523 1631 tamquam
540 1544 661 1610 scelera
676 1546 800 1611 ostendi
817 1555 973 1633 oporteat,
990 1544 1066 1609 dum
1082 1545 1265 1633 puniuntur,

199 1631 325 1716 flagitia
347 1632 509 1698 abscondi.

289 1719 355 1787 Sed
378 1731 409 1786 et
432 1721 605 1786 leuioribus
629 1721 753 1788 delictis
775 1746 834 1810 pro
857 1721 951 1787 modo
975 1745 1151 1809 poenarum
1172 1745 1265 1809 equo·

199 1832 271 1874 rum
294 1832 509 1897 pecorumque
529 1834 662 1876 numero
679 1813 817 1876 conuicti
833 1811 1018 1876 multantur.
1058 1833 1133 1898 pars
1147 1813 1267 1880 multae

199 1901 271 1983 regi
294 1899 346 1963 uel
370 1900 502 1984 ciuitati,
527 1923 602 1987 pars
625 1902 696 1987 ipsi,
721 1902 776 1986 qui
795 1899 986 1986 uindicatur,
1010 1901 1063 1966 1161
1078 1903 1266 1988 propinquis

201 1990 268 2053 eius
292 1987 461 2052 exoluitur.

288 2078 462 2162 Eliguntur
490 2079 524 2141 in
550 2078 653 2143 isdem
686 2078 828 2145 conciliis
859 2087 892 2142 et
915 2080 1092 2164 principes,
1118 2080 1173 2163 qui
1196 2079 1266 2140 11116

199 2189 259 2252 per
288 2188 390 2253 pagos
423 2169 574 2252 uicosque
605 2165 756 2252 reddunt3
790 2169 919 2232 centeni
950 2168 1084 2251 singulis
1108 2165 1266 2252 explebe

200 2255 331 2319 comites
359 2256 528 2320 consilium
551 2257 646 2321 simul
669 2265 701 2320 61
723 2259 899 2322 6661611161
923 2255 1048 2320 adsunt.
1097 2255 1147 2319 13.
1177 2251 1267 2318 Nihil

198 2353 307 2408 autem
339 2365 442 2428 neque
474 2345 621 2430 publicae
655 2367 759 2432 neque
795 2347 942 2432 priuatae
976 2346 1023 2408 rei
1054 2345 1116 2408 nisi
1151 2345 1267 2408 armati

199 2442 310 2517 agunt.
357 2431 413 2496 sed
436 2455 527 2496 arma
549 2455 676 2497 sumere
698 2457 763 2498 non
784 2442 859 2498 ante
882 2435 1033 2519 cuiquam
1055 2434 1154 2496 moris
1171 2454 1267 2518 quam

200 2522 313 2586 ciuitas
354 2521 562 2586 suffecturum
599 2521 794 2606 probauerit.
851 2533 920 2587 tum
961 2525 995 2587 in
1026 2523 1096 2608 ipso
1129 2522 1265 2585 concilio

199 2611 252 2675 uel
284 2611 465 2696 principum
497 2610 611 2696 aliquis
646 2610 698 2675 uel
732 2621 825 2698 pater
859 2611 911 2675 1161
944 2613 1143 2698 propinquus
1175 2620 1266 2674 scuto

200 2699 387 2786 frameaque
418 2701 569 2763 iuuenem
601 2709 724 2764 ornant.
772 2699 864 2764 Haeo
891 2700 976 2786 apud
999 2699 1069 2763 illos
1093 2707 1183 2783 toga,
1214 2699 1267 2764 hic

199 2790 321 2876 primus
351 2790 501 2852 iuuentae
524 2787 640 2872 honos,
673 2799 749 2854 ante
780 2789 840 2853 hoc
868 2787 980 2853 domus
1007 2811 1083 2876 pars
1106 2786 1266 2872 uidentur,

201 2892 279 2941 mox
301 2878 349 2941 rei
372 2878 527 2963 publicae.

289 2965 429 3050 Insignis
452 2965 602 3030 nobilitas
626 2976 681 3030 aut
700 2988 819 3051 magna
839 2975 968 3053 patrum
982 2967 1099 3030 merita
1114 2967 1267 3052 principis

200 3053 421 3138 dignationem
454 3056 551 3118 etiam
582 3052 828 3119 adulescentulis
862 3053 1045 3138 adsignant:
1079 3057 1194 3120 ceteris
1218 3076 1267 3118 ro-

200 3144 396 3209 bustioribus
420 3166 457 3207 ac
480 3143 671 3229 iampridem
685 3143 830 3230 probatis
846 3142 1077 3230 adgregantur,
1095 3165 1154 3208 nec
1169 3143 1267 3208 rubor

201 3234 286 3298 inter
309 3234 442 3296 comites
465 3233 576 3318 aspici.

290 3319 419 3386 Gradus
443 3323 520 3406 quin
544 3322 642 3385 etiam
660 3323 731 3408 ipse
747 3322 917 3385 comitatus
937 3321 1036 3385 habet
1056 3319 1172 3385 iudicio
1188 3321 1265 3404 eius,

202 3431 298 3497 quem
321 3419 498 3494 sectantum
523 3431 704 3496 magnaque
728 3419 761 3475 et
783 3413 937 3474 comitum
953 3411 1133 3492 aemulatio,
1152 3408 1267 3494 quibus

202 3501 324 3586 primus
355 3497 440 3586 apud
474 3500 653 3585 principem
684 3522 776 3563 suum
805 3500 910 3578 locus,
943 3509 974 3563 et
997 3500 1190 3586 principum,
1217 3498 1267 3560 cui

202 3589 333 3675 plurimi
360 3596 393 3652 et
423 3589 571 3652 acerrimi
595 3589 737 3652 comites.
785 3587 864 3652 haec
887 3587 1043 3672 dignitas,
1067 3587 1147 3650 haec
1170 3586 1266 3668 uires,

202 3699 321 3762 magno
352 3699 479 3763 semper
507 3676 680 3741 electorum
708 3678 860 3741 iuuenum
885 3677 981 3762 globo
1004 3674 1201 3757 circundari,
1234 3677 1268 3739 in

202 3788 284 3854 pace
309 3765 420 3847 decus,
444 3766 478 3829 in
500 3765 585 3830 bello
608 3764 815 3851 praesidium.

292 3853 363 3920 Nec
386 3853 488 3918 solum
511 3857 544 3918 iu
568 3877 625 3918 sua
649 3865 745 3938 gente
769 3857 898 3941 cuique,
928 3851 983 3918 sed
1006 3852 1093 3939 apud
1116 3850 1268 3918 finitimas
