2872 4410
636 241 856 306 ...18-

216 420 351 484 lbae'tiac
365 419 550 505 prouinciae
566 417 696 483 colonia.
733 420 852 505 passim
867 420 937 482 sine
953 415 1083 481 custode
1097 425 1282 499 transeunt;

216 519 248 574 et
261 531 334 574 cum
342 511 458 572 ceteris
470 509 620 594 gentibus
631 529 720 572 arma
728 508 824 573 modo
836 516 1005 592 castraque
1014 515 1122 570 nostra
1132 504 1280 570 ostenda·

215 617 296 681 mus,
314 597 362 662 his
377 597 489 664 domos
505 597 658 684 uillaeque
670 598 881 683 patefecimus
892 617 955 660 non
968 594 1280 682 concupiscentibus.

303 687 343 752 In
359 686 595 754 Hermunduris
619 685 711 751 Albis
735 689 846 770 oritur,
870 685 989 750 flumen
1012 684 1157 749 inclitum
1172 693 1205 748 et
1221 705 1278 747 uo·

216 789 283 841 tum
306 777 397 860 olim3
420 797 503 840 nunc
519 785 643 841 tantum
660 776 797 841 auditur.
843 776 895 840 42.
920 774 1017 839 quta
1032 772 1282 838 Hermunduros

222 865 338 931 Venisti
357 883 401 929 ac
424 864 537 930 deiude
553 863 751 929 Marcomani
776 860 931 940 acuendi.
951 872 1061 948 agunt.
1107 864 1282 948 praecipua

217 954 497 1020 Marcomanorum
520 956 624 1039 gloria
646 957 815 1040 uiresque,
849 963 945 1038 atque
975 955 1045 1039 ipsa
1068 955 1163 1016 etiam
1186 951 1281 1015 sedes

215 1043 313 1131 pulsis
337 1045 412 1108 olim
434 1043 512 1108 Bois
541 1047 659 1108 uirtute
682 1054 790 1131 parta,
825 1064 885 1106 nec
914 1041 1031 1107 Varisti
1053 1038 1201 1118 Quadiue
1224 1039 1280 1104 de·

216 1145 387 1218 generant:
424 1153 525 1219 eaque
549 1131 744 1198 Germaniae
777 1133 867 1196 uelut
902 1131 991 1195 frons
1024 1140 1085 1215 est,
1122 1140 1280 1216 quatenus

213 1223 365 1286 Danuuio
387 1225 564 1309 peragitur.

303 1311 517 1376 Marcomanis
533 1310 718 1398 Quadisque
741 1332 843 1396 usque
866 1311 907 1375 ad
931 1319 1073 1375 noemam
1089 1309 1280 1373 memoriam

215 1418 308 1486 reges
328 1422 476 1466 ‘mansere
504 1423 543 1464 ex
578 1410 674 1486 gente
703 1403 864 1486 ipsorum,
896 1399 1001 1464 nobile
1025 1395 1214 1463 Marobodui
1249 1407 1281 1461 et

216 1489 318 1555 Tudri
342 1509 460 1576 geuus3
484 1492 548 1556 iam
572 1500 604 1554 et
627 1500 778 1555 externos
801 1491 976 1577 patiuntur.
1023 1486 1151 1552 aeduis
1174 1497 1208 1553 et
1222 1509 1279 1572 po·

216 1581 316 1644 tentia
339 1580 471 1664 regibus
495 1603 536 1644 ex
556 1581 748 1644 auctoritate
764 1579 924 1643 Romana:
950 1599 1022 1641 raro
1036 1579 1136 1641 armis
1152 1579 1300 1658 nostriss

216 1671 341 1756 saepius
364 1670 499 1755 pecunia
522 1671 682 1752 lunantur,
706 1690 766 1733 nec
789 1669 893 1732 minus
915 1668 1033 1732 ualent.

299 1760 357 1823 ¹43.
382 1759 481 1822 Retro
504 1757 677 1843 Marsigni,
703 1756 816 1842 Cotini,
841 1755 911 1840 Osi,
935 1756 1015 1821 Buri
1037 1764 1130 1841 terga
1152 1753 1278 1818 Marco·

217 1869 384 1912 manorum
406 1846 655 1933 Quadorumque
688 1847 827 1912 cludunt.
875 1870 892 1909 e
928 1847 1044 1932 quibus
1066 1843 1224 1929 Marsigni
1249 1853 1281 1908 et

216 1935 296 2002 Buri
319 1951 464 2001 sermone
489 1937 638 2022 cultuque
660 1934 782 2001 Suebos
806 1935 958 2000 referunt.
992 1934 1119 1998 Cotinos
1142 1931 1280 2017 Gallica,

219 2023 303 2092 Osos
326 2025 510 2090 Pannonica
541 2025 653 2111 lingua
675 2026 822 2110 coarguit
844 2047 907 2089 non
930 2047 1000 2089 esse
1023 2021 1215 2105 Germanos,
1248 2034 1283 2086 et

216 2115 301 2201 quod
335 2117 457 2180 tributa
491 2116 670 2201 patiuntur:
706 2125 832 2202 partem
871 2115 1065 2178 tributorum
1099 2111 1280 2194 Sarmatae,

216 2215 341 2292 partem
357 2201 464 2281 Quadi
479 2213 515 2268 ut
530 2205 717 2290 alienigenis
740 2207 906 2291 inponunt.
953 2202 1070 2285 Cotini,
1095 2223 1157 2290 quo
1173 2203 1281 2287 magis

217 2291 351 2380 pudeat,
387 2303 420 2358 et
442 2293 561 2359 ferrum
587 2293 748 2359 effodiunt.
795 2315 968 2378 omnesque
991 2291 1023 2355 hi
1046 2291 1154 2378 populi
1176 2313 1284 2376 pauca

216 2383 452 2469 campestrium,
478 2393 620 2447 ceterum
644 2384 742 2448 saltus
767 2393 798 2447 et
821 2385 959 2447 uertices
981 2383 1136 2445 montium
1153 2383 1280 2465 iugum-

215 2489 277 2558 que
299 2471 495 2540 insederuut.
541 2471 663 2537 dirimit
691 2475 776 2537 enim
801 2471 980 2557 scinditque
1003 2467 1150 2536 Suebiam
1176 2471 1280 2534 couti-

215 2581 313 2626 nuum
336 2563 492 2627 montium
516 2562 638 2646 iugum,
661 2562 746 2626 ultra
767 2559 851 2647 quod
867 2563 1024 2646 plurimae
1039 2569 1152 2645 gentes
1167 2569 1280 2644 agunt,

215 2673 256 2714 ex
291 2650 406 2736 quibus
438 2650 592 2715 latissime
625 2660 716 2738 patet
739 2651 934 2736 Luegiorum
967 2671 1086 2713 nomen
1115 2650 1148 2712 iu
1171 2649 1282 2735 plures

215 2740 363 2805 ciuitates
402 2738 562 2806 diffusum.
624 2740 858 2805 ualentissimae
903 2739 1085 2805 nominasse
1129 2737 1280 2822 sufficiet,

215 2826 345 2912 Harios,
378 2827 591 2912 Heluecouas‚
627 2826 796 2914 Manimos,
832 2828 988 2912 Holmoe,
1024 2825 1280 2892 Nahanarualos.

217 2918 302 3004 apud
325 2915 567 2982 Nahauurualos
597 2921 749 3004 autiquae
780 2919 944 3003 religionis
969 2917 1066 2981 lucus
1089 2916 1279 2982 ostenditur.

215 3007 376 3092 praesidet
388 3008 541 3073 sacerdos
551 3007 698 3073 muliebri
713 3018 836 3092 ornatu,
852 3007 908 3072 sed
924 3007 1000 3072 deos
1015 3008 1282 3093 interpretatione

216 3096 360 3160 Romana
375 3095 540 3161 Castorem
558 3096 785 3182 Pollucemque
800 3106 986 3161 memorant.
1021 3117 1060 3160 ea
1075 3099 1124 3159 uis
1147 3097 1282 3180 numini,

215 3203 330 3249 nomen
347 3183 444 3250 Alcis.
483 3187 570 3250 nulla
585 3188 769 3270 simulacra,
785 3187 908 3251 nullum
924 3186 1113 3272 peregrinae
1130 3187 1284 3272 supersti-

215 3275 311 3338 tionis
329 3277 513 3360 uestigium3
538 3285 573 3339 ut
592 3275 709 3340 fratres
729 3285 848 3358 tamen,
873 3284 908 3340 ut
930 3277 1060 3340 iuuenes
1077 3285 1281 3339 uenerantur.

305 3361 455 3428 (letarum
467 3363 565 3429 'Harii
588 3379 684 3450 super
707 3367 803 3447 uires,
827 3365 943 3450 quibus
967 3374 1168 3428 enumeratos
1184 3363 1282 3450 paulo

216 3461 290 3517 ante
313 3453 447 3540 populos
478 3453 689 3536 antecedunt,
722 3465 825 3519 truces
857 3455 971 3518 insitae
1005 3452 1126 3517 feritati
1149 3463 1218 3518 arte
1241 3476 1282 3518 ac

206 3551 361 3628 rtsmpore
384 3543 620 3608 lenocinantur:
645 3545 740 3628 nigra
763 3554 863 3627 scuta,
887 3545 987 3607 tincta
1012 3565 1162 3629 corpora3
1191 3552 1282 3607 atras

214 3629 256 3696 ad
280 3631 401 3717 proelia
424 3641 534 3698 noctes
557 3633 670 3718 legunt
692 3635 825 3720 ipsaque
848 3629 1016 3697 formidine
1045 3643 1141 3717 atque
1154 3631 1283 3695 ‘umbra

207 3719 325 3785 'ferulis
349 3722 507 3785 exercitus
530 3729 687 3787 terrorem
702 3721 867 3802 inferunt,
900 3721 986 3785 nullo
1018 3718 1158 3786 hostium
1184 3723 1281 3786 susti-

206 3819 311 3874 nente
334 3829 452 3874 nouum
475 3833 513 3875 ae
535 3812 623 3875 uelut
646 3811 808 3876 infernum
832 3820 1013 3897 aspectum3
1038 3830 1112 3874 nam
1136 3811 1231 3897 primi
1247 3812 1283 3876 iu

207 3898 363 3963 ‘omnibus
379 3899 515 3987 ‘proeliis
538 3901 621 3966 oculi
643 3900 824 3965 uincuntur.
1112 3912 1118 3926 ·
