2872 4410
579 204 799 266 ...15-

248 383 300 448 34.
333 382 545 466 Angriuarios
580 390 613 444 et
648 378 830 445 Chamauos
864 403 883 444 a
917 389 1009 464 tergo
1045 378 1222 462 Dulgubnii

158 467 374 554 (Dulcubimi,
399 469 599 553 Dulcubuni,
624 469 803 554 Dulgibini)
834 478 867 533 et
896 466 1065 532 Chasuarii
1092 466 1223 532 cludunt

158 561 303 645 aliaeque
334 569 447 644 gentes
470 557 548 622 haut
571 557 704 644 perinde
727 567 938 642 memoratae,
967 581 986 621 a
1009 558 1114 621 fronte
1137 557 1222 620 Frisi

158 650 330 735 excipiunt.
378 648 550 713 maioribus
574 647 814 732 minoribusque
833 648 934 712 Frisis
957 646 1148 710 uocabulum
1172 655 1222 711 est

158 760 198 802 ex
227 735 321 802 modo
348 739 474 802 uirium.
521 748 675 821 utraeque
697 738 843 800 nationes
866 757 967 822 usque
990 735 1031 800 ad
1056 733 1222 799 Oceanum

156 826 268 891 Rheno
298 835 530 912 praetexuntur
557 826 766 911 ambiuntque
795 827 956 889 inmensos
979 827 1110 910 insuper
1132 824 1220 888 lacus

158 926 191 979 et
213 915 366 979 Romanis
390 915 544 979 classibus
567 917 747 998 nauigatos.
794 915 900 1000 ipsum
923 915 999 999 quin
1022 915 1120 978 etiam
1139 911 1221 977 Oce-

158 1026 254 1080 anum
278 1006 331 1068 illa
354 1005 600 1090 temptauimus3
627 1012 660 1067 et
684 1025 849 1090 superesse
872 1000 976 1066 adhuc
998 1001 1150 1066 Herculis
1171 1024 1221 1066 co·

155 1092 280 1159 lumnas
304 1094 390 1158 fama
413 1093 571 1178 uolgauit,
596 1095 664 1157 siue
691 1092 770 1156 adiit
792 1092 966 1175 Hercules,
991 1113 1047 1156 seu
1071 1088 1222 1176 quicquid

155 1183 275 1267 ubique
307 1181 513 1268 magnificum
544 1191 607 1266 est,
638 1184 670 1245 in
701 1180 880 1246 claritatem
912 1183 979 1245 eius
1002 1181 1123 1245 referre
1147 1201 1220 1244 con·

155 1273 321 1335 sensimus.
369 1293 428 1335 nec
463 1270 565 1335 defuit
595 1270 747 1335 audentia
776 1270 884 1334 Druso
917 1267 1128 1335 Germanico:
1164 1267 1221 1334 sed

156 1361 281 1425 obstitit
305 1359 454 1425 Oceanus
484 1361 519 1424 in
541 1383 575 1424 se
600 1361 815 1445 simulatque
839 1360 873 1423 in
895 1358 1069 1423 Herculem
1093 1358 1220 1442 inquiri.

155 1471 231 1513 mox
260 1471 353 1514 nemo
383 1449 570 1535 temptauit,
602 1451 806 1535 sanctiusque
834 1471 872 1513 ac
894 1449 1094 1512 reuerentius
1118 1449 1221 1510 uisum

156 1537 194 1602 de
218 1539 299 1602 actis
323 1536 454 1602 deorum
478 1536 608 1602 credere
632 1560 728 1623 quam
752 1539 843 1602 scire.

244 1629 296 1695 35.
328 1627 495 1692 Hactenus
525 1629 557 1691 in
590 1625 790 1692 occidentem
821 1625 1030 1692 Germaniam
1063 1625 1219 1688 nouimus.

154 1717 188 1780 in
220 1719 470 1803 septentrionem
501 1718 625 1801 ingenti
655 1713 740 1779 flexu
769 1715 861 1781 redit.
908 1737 947 1780 ac
978 1715 1081 1800 primo
1113 1715 1221 1776 statim

155 1803 359 1869 Chaucorum
383 1827 470 1890 gens,
496 1827 691 1891 quamquam
714 1807 848 1891 incipiat
870 1826 889 1868 a
911 1805 1013 1869 Frisis
1037 1825 1074 1866 ac
1097 1812 1221 1888 partem

153 1894 257 1958 litoris
275 1904 424 1980 occupet,
449 1895 600 1977 omnium,
626 1916 704 1980 quas
728 1895 872 1980 exposui,
897 1895 1043 1979 gentium
1067 1892 1221 1956 lateribus

157 1980 355 2066 obtenditur,
389 1982 490 2047 donec
522 1986 555 2046 in
579 1979 713 2048 Chattos
742 2005 844 2069 usque
866 1983 1022 2048 sinuetur.
1069 1979 1153 2044 Tam
1176 1982 1221 2043 in·

154 2093 302 2135 mensum
323 2081 483 2136 terrarum
507 2075 646 2159 spatium
665 2094 729 2136 non
748 2079 858 2136 tenent
874 2080 998 2136 tantum
1016 2068 1147 2150 Chauci,
1165 2068 1222 2133 sed

156 2169 187 2224 et
210 2161 355 2247 implent,
379 2161 515 2247 populus
538 2162 621 2224 inter
645 2158 826 2234 Germanos
850 2159 1079 2242 nobilissimus,
1104 2159 1222 2244 quique

155 2248 410 2332 magnitudinem
434 2273 525 2314 suam
547 2250 638 2314 malit
655 2251 778 2314 iustitia
800 2250 894 2314 tueri.
942 2250 1010 2312 sine
1034 2245 1220 2333 cupiditate,

156 2340 223 2401 sine
252 2340 442 2424 inpotentia,
477 2340 577 2424 quieti
610 2340 788 2424 secretique
816 2337 903 2403 nulla
927 2344 1103 2423 prouocant
1126 2335 1220 2420 bella,

155 2425 249 2490 nullis
272 2428 416 2513 raptibus
440 2441 495 2491 aut
517 2428 693 2492 latrociniis
717 2427 918 2514 populantur.
959 2425 997 2489 Id
1013 2426 1223 2512 praecipuum

154 2517 281 2581 uirtutis
305 2539 342 2580 ac
366 2518 481 2580 uirium
506 2526 733 2602 argumentum
756 2528 818 2600 est,
853 2513 952 2602 quod,
981 2525 1016 2578 ut
1040 2516 1220 2600 superiores

155 2614 264 2691 agant,
289 2628 353 2670 non
374 2629 434 2693 per
456 2607 586 2669 iniurias
603 2603 838 2691 adsequuntur3
863 2614 1013 2690 prompta
1028 2612 1137 2667 tamen
1154 2625 1217 2667 om-

154 2695 254 2758 nibus·
272 2717 363 2758 arma
387 2717 441 2778 ac,
466 2696 493 2758 si
515 2717 567 2759 res
591 2703 716 2779 poscat,
742 2695 919 2777 exercitus,
944 2694 1116 2779 plurimum
1139 2693 1222 2756 uiro·

155 2804 225 2845 rum
251 2804 485 2867 equorumque,
511 2792 544 2847 et
567 2783 805 2867 quiescentibus
828 2782 939 2847 eadem
963 2782 1058 2845 fama.

244 2873 295 2936 36.
332 2871 371 2936 In
405 2872 507 2936 latere
541 2867 744 2937 Chaucorum
776 2870 1031 2956 Chattorumque
1067 2865 1222 2932 Cherusci

154 2961 285 3024 nimiam
318 2983 356 3024 ac
388 2969 587 3026 marcentem
610 2959 664 3026 diu
687 2983 799 3048 pacem
824 2961 999 3024 inlacessiti
1021 2960 1220 3022 nutrierunt:

154 3046 251 3133 idque
274 3048 441 3114 iucundius
465 3072 562 3136 quam
584 3052 684 3115 tutius
707 3050 776 3129 fuit,
801 3052 875 3135 quia
890 3052 974 3114 inter
989 3049 1174 3135 impotentis
1191 3057 1223 3111 et

154 3135 275 3202 ualidos
298 3138 379 3202 falso
403 3139 564 3224 quiescas:
588 3139 644 3203 ubi
666 3160 763 3204 manu
784 3141 900 3222 agitur,
922 3138 1081 3203 modestia
1096 3159 1134 3201 ac
1150 3158 1221 3220 pro·

155 3225 240 3291 bitas
272 3228 402 3291 nomine
433 3230 611 3314 superiores
640 3237 722 3293 sunt.
769 3230 814 3291 ita
838 3229 892 3313 qui
907 3227 991 3292 volim
1015 3227 1091 3291 boni
1114 3226 1221 3310 aequi-

155 3337 217 3400 que
248 3313 415 3399 Cherusci,
450 3339 534 3381 uunc
565 3317 683 3381 inertes
715 3340 753 3381 ac
777 3316 866 3380 stulti
888 3324 1060 3381 uocantur:
1096 3312 1221 3378 Chattis

155 3405 330 3469 uictoribus
354 3403 483 3470 fortuna
506 3408 538 3468 in
562 3407 749 3492 sapientiam
775 3407 881 3469 cessit.

245 3493 356 3558 Tracti
379 3496 472 3557 ruina
490 3493 725 3559 Cheruscorum
749 3504 780 3558 et
796 3493 882 3576 Fosi,
908 3495 1106 3558 contermina
1129 3513 1219 3576 gens,

155 3580 363 3648 aduersarum
386 3605 494 3647 rerum
519 3606 558 3646 ex
582 3605 684 3669 aequo
709 3585 785 3648 socii
809 3591 895 3667 sunt,
921 3605 994 3648 cum
1017 3585 1049 3647 in
1073 3579 1220 3646 secundis

154 3671 294 3734 minores
317 3673 460 3736 fuissent.

244 3759 295 3824 37.
335 3760 484 3827 Eundem
522 3756 716 3824 Germaniae
761 3761 865 3824 sinum
910 3761 1049 3846 proximi
1088 3758 1220 3824 Oceano

155 3843 277 3911 Cimbri
313 3858 437 3934 tenent,
474 3871 575 3936 parua
608 3872 693 3913 nunc
723 3850 850 3932 ciuitas,
882 3848 938 3914 sed
969 3850 1072 3934 gloria
1094 3850 1217 3930 ingens.
