2872 4410
635 183 856 250 --rm

301 365 353 428 39.
377 361 618 426 Vetustissimos
648 361 704 428 seu
736 363 949 428 nobilissimos
980 362 1158 430 Sueborum
1188 364 1277 435 Sem·

212 469 312 516 nones
347 462 538 534 memorant3
577 450 657 517 fides
690 454 889 538 antiquitatis
927 454 1083 538 religione
1120 454 1275 522 firmatur.

212 548 297 604 stato
328 549 474 627 tempore
498 542 531 605 in
554 540 667 606 siluam
691 543 834 627 auguriis
857 550 1007 629 patruum
1032 553 1066 609 et
1086 547 1193 629 prisca
1215 545 1277 610 for-

213 626 331 693 midine
354 651 479 694 sacram
503 652 613 695 omnes
638 631 845 717 eiusdemque
869 633 1034 716 sanguinis
1056 633 1166 720 populi
1187 635 1276 718 lega-

211 719 352 784 tionibus
367 728 484 784 coeunt
500 737 656 805 caesoque
677 722 805 807 publice
825 721 954 790 homine
970 721 1132 787 celebrant
1147 723 1278 788 barbari

212 809 292 872 ritus
322 807 482 874 horrenda
513 809 698 895 primordia.
745 810 805 874 Est
829 819 861 874 et
888 811 952 876 alia
980 811 1052 876 luco
1079 814 1276 878 reuerentia:

211 919 305 962 nemo
327 899 390 962 nisi
412 898 539 962 uinculo
561 900 681 983 ligatus
704 897 893 984 ingreditur,
917 909 952 964 ut
969 901 1072 965 minor
1088 909 1120 964 et
1136 909 1275 987 potesta·

211 995 276 1051 tem
306 989 446 1054 numinis
475 1010 552 1074 prae
575 1010 610 1053 se
633 989 748 1054 ferens.
795 989 822 1052 si
844 989 928 1054 forte
952 991 1120 1076 prolapsus
1144 999 1206 1073 est,
1230 999 1276 1054 at·

211 1074 280 1140 tolli
310 1086 343 1140 et
369 1078 537 1162 insurgere
559 1075 644 1141 haud
666 1078 809 1143 licitum:
842 1100 900 1164 per
922 1077 1054 1143 humum
1078 1079 1275 1144 euoluontur.

212 1186 313 1250 eoque
348 1167 451 1230 omnis
483 1167 669 1253 superstitio
704 1168 848 1253 respicit,
883 1179 1048 1253 tamquam
1079 1167 1155 1233 inde
1184 1169 1278 1234 initia

212 1256 332 1338 gentis,
355 1254 401 1319 ibi
423 1265 578 1340 regnatur
601 1256 742 1320 omnium
765 1254 859 1338 deus,
884 1267 991 1322 cetera
1014 1257 1159 1323 subiecta
1180 1268 1277 1343 atque

211 1345 367 1430 parentia.
406 1342 505 1409 adicit
520 1346 745 1411 auctoritatem
767 1345 896 1410 fortuna
912 1343 1124 1412 Semnonum:
1150 1356 1277 1411 centum

211 1435 305 1519 pagis
335 1433 480 1499 habitare
502 1434 663 1516 dicuntur,
694 1457 877 1520 magnoque
907 1458 1041 1523 corpore
1063 1435 1216 1521 efficitur,
1241 1446 1277 1501 ut

212 1545 246 1586 se
270 1520 447 1588 Sueborum
470 1533 567 1610 caput
591 1522 731 1588 credant.

300 1613 352 1676 40.
378 1610 500 1678 Contra
519 1612 752 1698 Langobardos
775 1615 920 1698 paucitas
943 1614 1105 1679 nobilitat:
1129 1615 1277 1700 plurimis

212 1723 250 1765 ac
273 1700 498 1766 ualentissimis
521 1703 703 1767 nationibus
719 1704 814 1767 cincti
838 1725 901 1767 non
924 1724 982 1788 per
997 1703 1195 1790 obsequium,
1220 1703 1277 1768 sed

212 1789 341 1874 proeliis
364 1812 403 1856 ac
426 1789 636 1876 periclitando
658 1794 720 1856 tuti
743 1801 825 1856 sunt.

300 1879 464 1964 Reudigni
495 1878 610 1945 deinde
639 1890 672 1946 et
694 1878 837 1946 Auiones
860 1889 894 1946 et
916 1880 1029 1965 Anglii
1052 1891 1086 1946 et
1107 1881 1222 1946 Varini
1245 1891 1277 1946 et

213 1966 357 2033 Eudoses
381 1978 414 2033 et
437 1966 620 2034 Suardones
643 1979 676 2035 et
698 1969 878 2036 Huithones
901 1969 1086 2036 fluminibus
1108 1981 1165 2035 aut
1187 1972 1275 2036 siluis

212 2057 406 2122 muniuntur.
445 2061 698 2144 necquicquam
721 2059 863 2124 notabile
885 2061 917 2123 in
941 2059 1085 2145 singulis,
1109 2061 1171 2123 nisi
1191 2058 1276 2147 quod
1331 2074 1333 2078 ’

212 2145 380 2212 Mammun
396 2146 542 2232 Ertham,
566 2148 665 2213 idest
690 2146 824 2214 Terram
844 2147 994 2232 Matrem,
1019 2149 1126 2214 colunt
1142 2171 1277 2235 eamque

213 2237 408 2302 interuenire
437 2236 534 2302 rebus
563 2236 743 2321 hominum,
775 2236 882 2302 inuehi
912 2238 1039 2324 populis
1069 2239 1276 2306 arbitrantur.

301 2325 361 2390 Est
382 2329 416 2391 in
438 2327 542 2394 insula
564 2325 686 2393 Oceani
710 2337 834 2391 castum
858 2350 989 2409 nemus,
1018 2325 1222 2413 dicatumque
1244 2330 1277 2392 in

213 2436 250 2480 eo
277 2415 461 2480 uehiculum
490 2425 579 2481 ueste
609 2425 805 2501 contectum,
838 2418 999 2500 attingere
1033 2419 1088 2480 uni
1120 2416 1277 2481 sacerdoti

213 2526 407 2570 concessum.
447 2507 474 2570 is
489 2505 602 2572 adesse
618 2506 775 2592 penetrali
791 2505 883 2572 deam
907 2505 1062 2590 intellegit
1084 2515 1277 2591 noctemque

212 2594 316 2659 bubus
340 2595 468 2660 feminis
490 2595 592 2659 multa
614 2618 688 2661 cum
711 2597 916 2660 ueneratione
939 2597 1153 2681 prosequitur.
1200 2595 1277 2660 lacti

212 2691 289 2748 tuno
319 2685 400 2768 dies,
432 2684 516 2748 festa
544 2684 630 2768 loca,
662 2706 882 2770 quaecumque
910 2684 1051 2749 aduentu
1073 2682 1276 2771 hospitioque

213 2772 372 2857 dignatur.
420 2795 482 2837 non
505 2773 591 2838 bella
614 2775 739 2857 ineunt,
764 2796 828 2838 non
851 2795 941 2838 arma
963 2781 1108 2856 sumunt,
1133 2774 1276 2838 clausum

213 2883 306 2925 omne
329 2863 465 2946 ferrum,
489 2883 554 2948 pax
576 2871 608 2926 et
632 2864 722 2948 quies
746 2872 822 2928 tunc
845 2870 969 2926 tantum
994 2871 1084 2946 nota,
1109 2871 1185 2926 tunc
1208 2872 1276 2928 tan-

212 2960 281 3015 tum
305 2960 428 3035 amata,
457 2950 557 3015 donec
580 2948 667 3016 idem
690 2950 837 3017 sacerdos
861 2952 1008 3015 satiatam
1033 2953 1276 3016 conuersatione

213 3041 397 3105 mortalium
419 3040 512 3106 deam
531 3039 653 3126 templo
668 3040 791 3107 reddat.
830 3062 906 3104 mox
921 3038 1103 3106 uehiculum
1121 3049 1154 3106 et
1168 3050 1276 3106 uestes

212 3139 254 3216 et,
279 3133 306 3194 si
329 3129 460 3196 credere
483 3129 577 3213 uelis,
607 3151 727 3195 numen
755 3132 860 3216 ipsum
884 3138 1008 3194 secreto
1031 3131 1104 3195 laon
1127 3129 1274 3195 abluitur.

212 3218 307 3286 Serui
322 3221 514 3303 ministrant,
532 3240 612 3304 quos
628 3220 735 3283 statim
758 3219 844 3284 idem
866 3219 954 3284 lacus
977 3217 1093 3284 haurit.
1140 3241 1275 3283 arcanus

211 3308 286 3374 hinc
308 3318 412 3374 terror
435 3317 608 3394 sanctaque
631 3309 823 3393 ignorantia,
847 3305 922 3395 quid
945 3308 988 3373 sit
1003 3307 1091 3392 illud,
1107 3307 1192 3393 quod
1208 3316 1275 3371 tan·

211 3407 279 3463 tum
303 3399 438 3486 perituri
460 3396 579 3464 uident.

131 3489 133 3492 ’
300 3489 353 3555 41.
390 3487 434 3552 Et
462 3485 543 3551 haec
571 3485 701 3572 quidem
730 3508 804 3573 pars
827 3482 1008 3551 Sueborum
1040 3486 1074 3550 in
1102 3485 1275 3550 secretiora

213 3573 408 3643 Germaniae
438 3577 632 3663 porrigitur:
665 3577 809 3662 propior,
841 3585 877 3639 ut
901 3573 1060 3660 quomodo
1083 3575 1178 3661 paulo
1201 3584 1275 3638 ante

213 3661 373 3748 Rhenum,
407 3667 453 3730 sic
484 3687 569 3730 nunc
591 3664 777 3730 Danuuium
808 3686 941 3749 sequar,
973 3663 1274 3728 Hermundurorum

213 3755 342 3837 ciuitas,
376 3754 441 3820 fida
464 3754 629 3837 Romanis3
667 3776 769 3840 eoque
793 3753 867 3817 solis
891 3751 1128 3818 Germanorum
1154 3772 1218 3816 non
1241 3754 1274 3817 in

211 3844 283 3929 ripa
315 3845 556 3927 commercium,
593 3841 647 3906 sed
681 3845 808 3929 penitus
839 3853 936 3928 atque
963 3844 996 3907 in
1020 3838 1274 3928 splendidissima

297 3949 371 3989 Taciti
386 3949 514 3990 Ger-manta
