2872 4410
622 171 802 234 ..5-

178 348 384 414 humanioris
401 349 542 434 speeiem
557 344 750 412 adsimulare
767 369 808 412 ex
823 345 1041 431 magnitudine
1058 347 1242 412 caelestium

178 440 385 504 arbitrantur.

268 525 373 590 Lucos
404 547 442 590 ao
470 546 602 590 nemora
630 534 818 589 consecrant
841 524 1037 609 deorumque
1059 523 1242 589 nominibus

178 617 339 703 appellant
362 624 523 680 secretum
545 613 637 697 illud,
662 611 748 698 quod
771 613 838 678 sola
859 614 1041 678 reuerentia
1063 612 1183 678 uident.

270 707 320 772 10.
344 703 500 790 Auspicia
523 712 688 789 sortesque
711 711 748 767 111
771 705 826 788 qui
849 705 989 768 maxime
1013 701 1196 767 obseruant.

267 792 410 859 Sortium
434 790 627 857 consuetudo
651 792 796 878 simplex.
842 794 970 877 uirgam
993 791 1168 876 frugiferae
1191 812 1241 854 ar·

178 882 248 947 bori
277 884 420 960 decisam
446 883 479 945 in
509 882 651 945 surculos
674 891 844 967 amputant
866 903 984 966 eosque
1006 882 1090 945 notis
1114 880 1242 966 quibus·

178 969 251 1035 dam
275 971 431 1036 discretos
455 993 551 1056 super
575 967 744 1034 candidam
765 980 889 1034 uestem
912 979 1022 1034 tenent
1044 993 1082 1034 ac
1109 969 1242 1033 fortuito

178 1070 344 1147 spargunt.
391 1082 477 1142 mox,
502 1060 529 1122 si
551 1059 678 1144 publice
701 1059 895 1141 consuletur,
920 1058 1068 1124 sacerdos
1090 1059 1241 1142 ciuitatis,

179 1153 227 1212 sin
250 1151 417 1236 priuatim,
441 1150 511 1234 ipse
533 1157 627 1234 pater
650 1148 804 1229 familiae,
829 1157 979 1234 precatus
1003 1147 1079 1213 deos
1103 1147 1240 1212 caelum-

179 1260 240 1324 que
265 1239 453 1325 suspioiens,
477 1247 527 1300 ter
551 1236 693 1320 singulos
717 1236 810 1321 tollit,
835 1238 978 1303 sublatos
1001 1235 1174 1301 secundum
1196 1238 1243 1299 in·

177 1349 320 1414 pressam
336 1336 410 1392 ants
430 1335 539 1391 notam
556 1327 795 1411 interpretatur.
836 1325 872 1392 Si
891 1326 1135 1414 prohibuerunt,
1157 1324 1244 1390 nulla

178 1415 217 1481 de
241 1416 353 1481 eadem
377 1438 412 1480 re
432 1416 464 1479 in
481 1414 617 1479 eundem
633 1414 719 1478 diem
734 1417 942 1498 consultati03
967 1417 1016 1479 sin
1039 1416 1242 1502 permissum,

178 1507 392 1591 auspiciorum
417 1503 521 1568 adhuc
544 1501 623 1568 fides
647 1505 797 1588 exigitur.
844 1514 877 1569 et
899 1504 977 1569 illud
1000 1504 1130 1591 quidem
1145 1504 1243 1568 etiam

178 1593 229 1659 hio
248 1603 371 1677 notum,
395 1595 503 1657 auium
518 1615 613 1657 uoces
630 1592 819 1679 uolatusque
834 1594 1052 1677 interrogare:
1076 1593 1243 1680 proprium

178 1685 283 1768 gentis
317 1703 472 1768 equorum
505 1703 630 1768 quoquc
662 1683 834 1768 praesagia
862 1704 901 1748 ac
929 1684 1067 1747 monitus
1092 1682 1242 1768 experiri.

177 1771 310 1840 Publice
331 1773 459 1837 aluntur
480 1769 583 1834 isdem
602 1772 786 1836 nemoribus
804 1793 843 1835 ac
858 1772 948 1854 lucis,
965 1770 1092 1835 candidi
1108 1780 1141 1836 et
1155 1769 1243 1834 nullo

178 1861 306 1926 mortali
330 1882 426 1947 opere
450 1862 604 1944 contacti3
630 1882 709 1945 quos
732 1881 858 1942 pressos
875 1883 966 1926 sacro
983 1882 1077 1924 curru
1094 1858 1242 1925 sacerdos

178 1973 215 2013 ao
242 1972 302 2014 rex
332 1950 384 2014 uel
416 1951 564 2035 princeps
597 1950 737 2014 ciuitatis
761 1952 955 2014 comitantur
977 1949 1182 2035 hinnitusque
1205 1971 1244 2012 ac

177 2039 324 2104 fremitus
354 2037 535 2103 obseruant.
581 2060 641 2102 nec
672 2038 729 2103 ulli
758 2040 900 2124 auspicio
932 2041 1034 2102 maior
1057 2038 1153 2122 fides,
1176 2059 1242 2102 non

179 2129 280 2193 solum
304 2127 390 2214 apud
413 2126 555 2213 plebem,
580 2125 665 2213 apud
688 2150 851 2214 proceres,
876 2126 962 2214 apud
985 2127 1181 2210 sacerdotes3
1207 2148 1241 2191 se

179 2219 262 2282 enim
286 2219 447 2281 ministros
471 2216 619 2300 deorum,
644 2215 715 2281 illos
739 2219 881 2282 conscios
903 2226 1027 2303 putant.

266 2304 326 2369 Est
361 2314 392 2370 et
424 2307 486 2370 alia
519 2305 701 2370 obseruatio
735 2307 965 2392 auspiciorum,
999 2328 1061 2392 qua
1093 2306 1243 2390 grauium

178 2393 333 2459 bellorum
358 2404 492 2460 euentus
516 2395 692 2481 explorant.

265 2483 344 2547 Eius
367 2485 488 2569 gentis,
513 2506 586 2547 cum
611 2505 673 2569 qua
699 2483 820 2549 bellum
845 2491 902 2567 est,
928 2485 1090 2568 captiuom
1114 2503 1242 2568 quoquo

175 2570 270 2637 modo
292 2573 508 2658 interceptum
524 2595 596 2636 cum
613 2573 714 2637 electo
738 2573 941 2659 popularium
966 2594 1105 2654 suorum,
1127 2572 1242 2658 patriis

177 2683 337 2747 quemque
360 2663 467 2742 armis,
493 2664 711 2726 committunt:
736 2663 872 2726 uictoria
895 2660 988 2725 huius
1010 2661 1061 2725 uel
1082 2660 1166 2725 illius
1182 2681 1241 2747 pro

175 2750 370 2836 praeiudicio
393 2751 557 2836 accipitur.

266 2841 316 2904 ll.
348 2840 400 2903 De
435 2839 609 2904 minoribus
644 2839 740 2903 rebus
772 2840 933 2924 principes
971 2837 1166 2919 consultant,
1201 2837 1240 2902 do

174 2928 348 2993 maioribus
373 2950 492 3012 omnes,
517 2929 563 2993 ita
582 2939 700 3012 tamen,
722 2938 757 2992 ut
775 2951 814 2992 ea
829 2950 966 3014 quoque,
989 2949 1125 3014 quorum
1141 2949 1240 3012 penes

175 3017 302 3102 plebem
325 3018 493 3082 arbitrium
518 3027 579 3096 est,
603 3015 689 3103 apud
712 3019 873 3103 principes
896 3026 1143 3103 pertractentur.

263 3103 398 3190 Coeunt,
423 3107 484 3169 nisi
508 3104 585 3191 quid
608 3107 774 3171 fortuitum
792 3115 824 3170 et
841 3106 981 3170 subitum
1005 3106 1125 3187 incidit,
1144 3106 1240 3169 certis

175 3191 295 3276 diebus,
320 3217 393 3258 oum
409 3204 465 3259 aut
488 3195 656 3259 inchoatur
678 3195 753 3259 luna
776 3204 832 3258 aut
854 3196 1020 3280 impletur3
1045 3217 1120 3258 nam
1143 3216 1241 3278 agen·

175 3281 223 3347 dis
246 3283 344 3348 rebus
367 3283 428 3347 hoo
451 3285 744 3370 auspicatissimum
768 3284 893 3348 initium
919 3282 1063 3348 credunt.

262 3371 333 3436 Nec
368 3370 492 3437 dierum
525 3395 710 3456 numerum,
743 3383 779 3437 ut
808 3395 880 3453 nos,
910 3371 966 3437 sed
989 3373 1131 3437 noctium
1154 3394 1240 3436 com·

174 3470 295 3545 putant.
342 3462 388 3525 sic
411 3463 617 3545 constituunt,
643 3464 688 3526 sio
712 3461 897 3526 condicunt:
925 3484 990 3525 nox
1014 3461 1130 3526 ducere
1153 3459 1238 3525 diem

173 3550 310 3614 uidetur.

261 3636 345 3702 Illud
376 3660 417 3703 ex
447 3639 596 3703 libertate
628 3641 757 3722 uitium,
790 3638 875 3724 quod
905 3662 969 3703 non
999 3637 1093 3704 simul
1120 3661 1179 3702 nec
1202 3646 1238 3701 ut
1337 3658 1341 3666 ·

173 3728 250 3790 iussi
273 3729 480 3810 conueniunt,
505 3726 560 3793 sed
585 3737 617 3792 et
640 3728 723 3793 alter
747 3739 779 3793 et
801 3729 916 3792 tertius
945 3726 1013 3792 dies
1037 3729 1238 3792 conctatione

174 3817 357 3880 coeuntium
372 3818 559 3881 absumitur.
596 3826 631 3879 ut
647 3817 761 3882 turbae
777 3816 906 3902 placuit,
924 3815 1093 3881 considunt
1112 3818 1237 3880 armati.
