2872 4410
590 171 809 234 ,12-

163 368 262 410 annos
287 357 421 429 mutant,
446 357 479 411 et
501 357 647 433 superest
670 369 758 432 ager.
807 370 865 413 neo
889 350 1062 413 enimcum
1079 349 1227 413 ubertate

163 445 196 500 et
219 436 429 522 amplitudine
453 437 511 500 soli
534 436 644 502 labore
667 435 871 522 contendunt,
895 447 929 500 ut
952 439 1097 523 pomaria
1120 459 1228 502 conse-

162 533 236 588 rant
260 535 292 589 et
315 535 408 611 prata
424 535 573 610 separent
589 535 645 588 uut
659 525 768 590 hortos
785 527 905 611 rigent:
930 527 997 590 sola
1012 536 1117 592 terrae
1134 548 1228 609 seges

162 614 350 698 imperatur.
399 615 482 679 unde
510 636 628 679 annum
657 636 783 700 quoque
815 617 920 701 ipsum
950 637 1013 679 non
1037 617 1070 680 in
1093 615 1228 680 totidem

163 700 315 786 digerunt
338 704 474 789 species:
508 703 610 767 hiems
640 713 673 767 et
703 726 762 767 uer
785 714 817 768 et
840 714 946 769 aestas
968 703 1166 769 intellectum
1191 727 1228 768 ao

163 791 320 856 uocabula
343 791 473 876 habent,
497 792 643 856 autumni
666 792 801 879 perinde
825 815 942 858 nomen
970 816 1008 858 ac
1030 794 1114 858 bona
1136 795 1227 877 igno·

162 890 283 945 rantur.

252 972 303 1035 27.
328 970 493 1034 Funerum
515 969 602 1034 nulla
624 969 772 1034 ambitio:
798 970 830 1035 id
851 970 952 1034 solum
970 970 1168 1053 obseruator,
1193 979 1228 1034 ut

163 1079 299 1143 corpora
314 1059 471 1122 clarorum
488 1060 630 1122 uirorum
648 1060 743 1123 certis
759 1059 855 1143 lignis
872 1067 1063 1127 crementur.
1097 1056 1228 1125 Struem

162 1149 234 1230 rogi
264 1170 324 1212 nec
356 1147 500 1212 uestibus
532 1168 591 1210 nec
625 1146 775 1212 odoribus
811 1148 989 1214 cumulant:
1024 1170 1082 1212 sua
1115 1149 1228 1234 cuique

163 1257 262 1319 arma,
296 1236 495 1322 quorundam
528 1237 596 1320 igni
626 1246 659 1300 et
691 1258 791 1322 equus
820 1236 965 1302 adicitur.
1014 1235 1227 1324 Sepulchrum

163 1346 295 1410 caespes
312 1327 424 1410 erigit:
450 1333 733 1389 monumentorum
744 1325 880 1390 arduum
897 1336 928 1391 et
944 1348 1113 1413 operosum
1129 1326 1226 1390 hono·

162 1435 232 1478 rem
258 1424 294 1478 ut
318 1436 453 1500 grauem
477 1411 635 1478 defunctis
668 1424 889 1501 aspernantur.
937 1413 1098 1480 Lamenta
1120 1438 1158 1479 ac
1181 1415 1225 1478 la-

163 1504 279 1566 crimas
303 1506 375 1586 cito,
400 1503 540 1568 dolorem
565 1512 598 1566 et
619 1505 784 1567 tristitiam
799 1504 890 1569 tarde
906 1513 1037 1590 ponunt.
1084 1504 1227 1568 Feminis

162 1590 274 1675 lugere
299 1591 469 1657 honestum
493 1600 551 1676 est,
576 1593 653 1656 uiris
677 1594 871 1660 meminisse.

250 1766 398 1834 Haecin
422 1791 591 1834 commune
613 1768 653 1834 de
677 1771 819 1834 omnium
842 1767 1080 1835 Germanorum
1104 1770 1228 1853 origine

163 1879 201 1922 ao
223 1858 365 1922 moribus
388 1860 581 1943 accepimus.
628 1857 723 1922 Nunc
746 1859 946 1944 singularum
970 1861 1115 1944 gentium
1138 1859 1226 1923 insti·

161 1954 231 2011 tuta
254 1948 415 2032 ritusque,
449 1955 606 2032 quatenus
629 1945 794 2032 differant,
827 1970 909 2035 quae
934 1949 1081 2013 nationes
1105 1971 1123 2013 e
1146 1945 1227 2014 Ger·

162 2037 271 2100 mania
293 2038 326 2100 in
350 2033 473 2100 Gallias
498 2037 792 2120 commigrauerint‚
818 2035 998 2123 expediam.

251 2215 302 2278 28.
342 2212 524 2278 Validiores
558 2214 632 2277 olim
664 2212 833 2279 Gallorum
865 2236 917 2278 res
952 2215 1051 2278 fuisse
1084 2234 1226 2277 summus

161 2310 328 2368 auctorum
352 2300 444 2366 diuus
467 2300 568 2366 Iulius
600 2301 713 2384 tradit,
746 2324 848 2388 eoque
875 2301 1029 2367 credibile
1053 2312 1102 2367 est
1126 2303 1225 2367 etiam

161 2388 273 2457 Gallos
289 2392 322 2454 in
338 2387 548 2454 Germaniam
566 2401 799 2474 transgressos:
817 2390 1006 2475 quantulum
1022 2393 1107 2456 enim
1124 2393 1226 2454 amnis

163 2479 328 2562 obstabat,
353 2481 558 2564 quominus,
590 2489 627 2543 ut
657 2500 803 2565 quaeque
827 2501 906 2562 gens
930 2480 1110 2562 maluerat,
1135 2501 1226 2544 oocu-

160 2579 252 2656 paret
275 2577 537 2655 permutaretque
560 2568 652 2632 sedes
668 2571 866 2654 promiscuas
882 2568 986 2634 adhuc
1002 2577 1034 2632 et
1050 2568 1137 2632 nulla
1151 2589 1224 2652 reg·

161 2679 276 2723 norum
300 2657 444 2743 potentia
468 2655 609 2722 diuisas?

249 2745 355 2829 igitur
378 2748 462 2810 inter
484 2745 684 2832 Hercyniam
707 2745 819 2809 siluam
843 2744 1056 2830 Rhenumque
1083 2754 1115 2810 et
1135 2742 1221 2808 Moe·

160 2856 236 2898 num
260 2857 370 2899 amnes
386 2832 538 2918 Heluetii,
563 2835 716 2898 ulteriora
731 2833 813 2916 Boii,
838 2833 964 2900 Gallica
979 2844 1116 2920 utraque
1133 2855 1224 2918 gens,

160 2933 303 2988 tenuere.
327 2923 438 2987 Manet
450 2922 553 2987 adhuc
563 2922 731 2988 Boihaemi
746 2945 862 2988 nomen
879 2925 1047 3009 signatque
1061 2925 1123 2987 loci
1138 2933 1225 2988 uete-

160 3035 229 3076 rem
252 3015 441 3076 memoriam
464 3012 611 3098 quamuih
634 3012 766 3075 mutatis
794 3011 980 3076 cultoribus.
1027 3010 1093 3078 Sed
1117 3021 1223 3075 utrum

160 3100 309 3167 Arauisci
331 3103 363 3165 in
386 3101 584 3166 Pannoniam
607 3123 627 3166 a
650 3099 736 3182 Bois,
761 3098 997 3165 Germanorum
1020 3103 1159 3184 natione,
1184 3123 1225 3164 an

161 3189 221 3254 Boi
248 3190 289 3255 ab
313 3187 477 3254 Arauiscis
512 3191 544 3254 in
573 3187 783 3255 Germaniam
818 3191 1114 3273 commigrauerint‚
1152 3211 1225 3252 cum

161 3279 274 3344 eodem
290 3277 395 3344 adhuc
410 3301 556 3344 sermone
571 3279 726 3342 institutis
743 3278 884 3342 moribus
900 3287 1041 3363 utantur,
1065 3281 1224 3343 incertum

162 3377 226 3449 est,
260 3369 335 3454 quia
358 3370 428 3454 pari
453 3368 527 3432 olim
560 3369 667 3454 inopia
690 3389 728 3430 ao
750 3365 900 3431 libertate
923 3366 1035 3432 eadem
1058 3369 1223 3451 utriusque

161 3458 250 3542 ripae
276 3458 359 3521 bona
382 3456 529 3542 malaque
553 3465 655 3521 erant.

251 3543 386 3610 Treueri
418 3555 450 3608 et
478 3543 592 3609 Neruii
626 3545 712 3608 circa
735 3540 984 3608 adfectationem
1009 3542 1224 3611 Germanicae

160 3635 291 3719 originis
315 3634 398 3699 ultro
422 3634 581 3698 ambitiosi
605 3641 687 3716 sunt,
711 3641 877 3716 tamquam
900 3656 959 3719 per
982 3633 1064 3698 hanc
1087 3632 1223 3715 gloriam

160 3725 325 3807 sanguinis
349 3746 367 3786 a
391 3719 599 3788 similitudine
629 3731 662 3786 et
692 3722 808 3786 inertia
831 3719 999 3786 Gallorum
1023 3731 1221 3807 separentur.

248 3810 356 3897 Ipsam
380 3811 484 3876 Rheni
507 3812 611 3896 ripam
633 3810 712 3874 haut
735 3811 831 3875 dubie
855 3808 1090 3876 Germanorum
1115 3810 1224 3898 populi
