2872 4410
642 166 858 230 ..19-

305 342 411 411 Trans
427 340 550 428 Lygios
571 340 739 408 Gothones
760 352 936 428 regnantur
958 345 1053 431 paulo
1076 347 1140 420 iam
1163 342 1279 413 adduc-

215 434 278 497 tius
302 454 399 518 quam
422 442 548 498 ceterae
571 430 810 504 Germanorum
841 442 973 518 gentes,
1006 433 1147 509 noudum
1170 443 1279 513 tamen

217 544 315 608 supra
336 521 529 589 libertatem.

302 610 453 676 Protinus
476 609 591 676 deinde
613 611 655 676 ab
679 609 811 677 Oceano
833 609 932 698 Rugii
955 619 988 678 et
1009 611 1166 696 Lemouii.
1214 636 1278 679 om-

213 701 365 786 niumque
388 699 501 766 harum
524 700 670 785 gentium
692 702 818 786 insigne
850 701 989 769 rotunda
1020 711 1127 787 scuta,
1162 701 1278 770 breues

215 789 324 875 gladii,
349 799 382 854 et
406 811 484 874 erga
507 811 600 875 reges
624 791 823 877 obsequium.

302 881 354 946 44.
379 875 535 945 Suionum
557 879 631 944 hinc
655 881 801 945 ciuitates
824 879 913 966 ipsae
935 880 968 949 iu
994 878 1125 947 Oceano
1149 892 1278 970 praeter

213 970 299 1034 uiros
321 990 477 1053 armaque
499 968 653 1034 classibus
668 970 788 1036 ualent.
827 969 948 1043 Forma
962 971 1093 1036 nauium
1109 992 1146 1034 eo
1162 970 1278 1054 differt,

213 1055 299 1144 quod
321 1059 482 1144 utrimque
512 1080 609 1144 prora
642 1067 788 1145 putatam
821 1080 948 1144 semper
970 1058 1118 1147 appulsui
1140 1059 1279 1136 frontem

213 1150 290 1231 agit.
338 1147 409 1212 Nec
443 1147 523 1214 uelis
552 1148 775 1212 ministrantur
797 1170 858 1212 nec
880 1169 986 1214 remos
1009 1148 1041 1212 in
1065 1146 1211 1226 ordinem
1233 1148 1276 1213 la-

212 1237 334 1303 teribus
357 1235 552 1322 adiungunt:
587 1236 742 1319 solutum,
771 1246 807 1301 ut
829 1239 863 1304 in
886 1237 1078 1322 quibusdam
1101 1235 1277 1320 fluminum,

213 1337 246 1392 ct
268 1325 432 1408 mutabile,
456 1335 491 1390 ut
514 1349 565 1390 res
589 1328 702 1412 poscit,
725 1324 800 1390 hinc
823 1325 876 1391 uel
898 1325 986 1408 illinc
1006 1328 1187 1411 remigium.

301 1415 362 1480 Est
384 1414 469 1502 apud
484 1413 555 1480 illos
572 1425 604 1479 et
620 1416 734 1502 opibus
750 1414 865 1498 honos,
890 1437 991 1502 eoque
1006 1437 1088 1483 unus
1103 1417 1277 1502 imperitat,

212 1503 306 1569 nullis
328 1507 392 1572 iam
416 1504 667 1589 exceptionibus,
691 1527 756 1572 non
777 1506 924 1592 precario
949 1504 1019 1573 iure
1035 1505 1178 1592 parendi.
1217 1528 1278 1571 nec

212 1617 313 1679 arma,
330 1603 365 1658 ut
380 1593 467 1681 apud
483 1603 605 1667 ceteros
623 1592 816 1679 Germanos,
840 1596 873 1668 in
889 1594 1081 1680 promiscuo,
1098 1594 1154 1660 sed
1170 1594 1278 1660 clausa

213 1685 272 1748 sub
299 1683 445 1767 custode,
470 1693 502 1748 et
525 1684 655 1770 quidem
678 1706 786 1766 seruo,
820 1685 896 1770 qnia
925 1683 1046 1748 subitos
1067 1681 1208 1752 hostium
1232 1685 1276 1748 in·

213 1795 324 1838 cursus
348 1773 496 1860 prohibet
513 1772 671 1859 Oceanus,
697 1775 814 1840 otiosae
837 1795 932 1859 porro
953 1781 1149 1838 armatorum
1165 1795 1278 1849 manus

211 1861 304 1926 facile
319 1862 500 1928 lasciuiunt:
526 1865 689 1928 enimuero
705 1884 809 1949 neque
819 1863 960 1928 nobilem
972 1884 1076 1950 neque
1092 1864 1277 1947 ingenuum,

210 1973 251 2016 ne
272 1951 459 2020 libertinum
482 1953 610 2038 quidem
633 1955 731 2018 armis
754 1973 953 2039 praeponere
974 1948 1066 2038 regia
1082 1951 1203 2034 utilitas
1218 1961 1276 2031 eat.

301 2042 354 2106 45.
380 2040 485 2106 Trans
502 2039 638 2108 Suionas
661 2040 749 2107 aliud
772 2063 872 2124 mare,
896 2043 1026 2127 pigrum
1049 2063 1087 2105 ac
1110 2064 1211 2128 prope
1231 2042 1276 2109 in·

212 2138 349 2215 motum,
381 2153 445 2216 quo
480 2132 566 2215 cingi
590 2128 738 2216 cludique
762 2141 922 2195 terrarum
957 2129 1068 2200 orbem
1090 2127 1163 2194 hinc
1186 2127 1276 2214 fides,

212 2219 297 2304 quod
321 2229 484 2286 extremus
508 2220 653 2285 cadentis
676 2221 741 2295 iam
765 2219 839 2286 solis
862 2220 971 2304 fulgor
993 2221 1026 2283 111
1050 2228 1138 2290 ortus
1162 2217 1277 2286 edurat

210 2306 290 2373 adeo
314 2310 428 2392 clarus,
452 2317 488 2374 ut
511 2309 617 2376 sidera
631 2307 780 2392 hebetet3
805 2331 918 2374 sonum
932 2310 1064 2395 insuper
1080 2311 1276 2395 emergentis

210 2397 313 2463 audiri
336 2398 519 2486 formasque
541 2397 675 2466 deorum
691 2408 723 2476 et
738 2397 845 2466 radios
862 2398 976 2484 capitis
996 2398 1096 2486 aspici
1111 2399 1276 2486 persuasio

212 2488 320 2556 adicit.
367 2487 442 2552 illuc
465 2511 576 2576 usque,
601 2500 634 2554 01
658 2489 744 2554 fama
768 2510 855 2571 uera,
879 2496 1006 2560 tantum
1029 2495 1154 2557 natura.

298 2577 388 2664 Ergo
423 2579 489 2642 iam
524 2576 636 2644 dextro
667 2575 795 2645 Suebici
830 2579 928 2645 maris
962 2575 1056 2652 litore
1088 2573 1275 2648 Aestiorum

210 2676 322 2748 gentos
339 2665 521 2750 adluuntur,
538 2669 654 2753 quibus
665 2669 746 2732 ritus
758 2665 950 2752 habitusque
963 2662 1150 2749 Sueborum,
1165 2665 1277 2752 lingua

210 2753 415 2820 Britannicae
437 2758 577 2843 propior.
624 2766 762 2822 matrem
786 2754 881 2820 deum
901 2765 1102 2832 uenerantur.
1149 2757 1276 2840 insigne

210 2845 447 2930 superstitionis
471 2845 590 2912 formas
614 2867 765 2932 aprorum
788 2853 932 2928 gestant:
962 2841 996 2914 id
1019 2867 1077 2930 pro
1101 2844 1273 2910 1111111110-

210 2934 397 3020 mistumque
419 2934 520 2999 tutela
542 2956 690 3000 securum
714 2934 795 3005 deae
819 2935 973 2998 cultorem
1001 2934 1098 3001 otiam
1119 2931 1275 2998 111101110-

209 3023 267 3086 stis
283 3032 440 3108 praestat:
465 3047 557 3090 rarus
572 3023 661 3108 ferri,
676 3025 828 3110 frequens
844 3022 975 3100 fustimn
991 3045 1076 3091 usus.
1115 3022 1276 3104 frumenta,

210 3121 397 3197 ceterosque
421 3113 542 3180 11101111
573 3115 748 3200 patientius
777 3134 874 3199 quam
897 3135 955 3199 pro
979 3112 1073 3177 solita
1096 3108 1274 3181 Germano-

210 3223 281 3268 rum
304 3203 422 3268 inertia
443 3202 600 3270 laborant.
648 3203 703 3268 sed
736 3213 768 3268 et
798 3224 888 3280 mare
921 3209 1122 3286 scrutantur,
1154 3199 1275 3277 aceoli

210 3293 352 3364 omnium
375 3293 539 3376 sucinum,
570 3291 656 3378 quod
678 3292 741 3379 ipsi
772 3290 897 3376 glesum
923 3300 1054 3374 uocant,
1085 3291 1169 3356 inter
1192 3287 1275 3359 uada

210 3389 308 3466 atque
331 3381 364 3446 in
388 3382 458 3467 ipso
488 3381 582 3454 litore
613 3381 734 3466 legunt.
781 3403 841 3458 nec
876 3402 958 3466 quae
989 3389 1118 3464 11111111,
1152 3401 1275 3466 quaeue

209 3472 291 3534 ratio
315 3471 443 3556 gignat,
477 3479 513 3534 ut
535 3470 698 3555 barbaris,
724 3471 906 3556 quaesitum
930 3477 1185 3556 compertumue;
1220 3466 1274 3548 diu

212 3559 288 3642 quin
311 3561 410 3626 etiam
433 3561 518 3624 inter
541 3569 650 3635 cetera
673 3563 887 3626 eiectamenta
900 3559 998 3624 maris
1014 3557 1150 3641 iacebat,
1174 3556 1275 3624 donec

208 3647 335 3718 luxuria
365 3658 476 3716 nostra
511 3647 598 3717 dedit
631 3672 757 3719 nomen.
804 3650 881 3735 ipsis
915 3650 949 3712 in
975 3646 1061 3715 1111110
1086 3669 1158 3715 usu:
1194 3647 1274 3730 rude

208 3735 336 3821 legitur,
360 3739 496 3816 informe
519 3738 688 3825 perfertur,
714 3740 916 3825 pretiumque
932 3737 1085 3813 inuentos
1101 3737 1271 3822 accipiunt.

209 3847 319 3890 sucum
343 3836 451 3894 tamen
475 3827 627 3894 arborum
651 3851 721 3893 esse
744 3827 920 3912 intellegas,
945 3828 1020 3911 quia
1035 3835 1165 3892 terrena
1179 3848 1273 3912 quae·
