2872 4410
633 236 830 298 ..8-

287 411 404 479 Oolunt
434 415 564 480 discreti
593 437 632 479 ac
663 413 796 498 diuersi,
826 423 862 478 ut
884 414 971 500 fons,
996 424 1031 479 ut
1055 434 1199 500 campus,
1224 425 1259 480 ut

197 525 310 568 nemus
333 504 463 590 placuit.
947 552 949 556 -

286 592 384 657 Vicos
412 595 519 657 locant
542 614 605 656 non
628 594 661 656 iu
683 602 828 657 nostrum
853 615 974 658 morem
999 595 1129 658 conexis
1153 602 1185 658 et
1209 617 1258 659 co-

199 681 404 746 haerentibus
433 680 603 764 aedificiis,
638 703 728 747 suam
757 683 891 768 quisque
919 681 1048 746 domum
1076 684 1177 769 spatio
1201 685 1259 748 cir·

199 769 329 846 euadat,
355 773 423 836 siue
445 769 598 836 aduersus
622 793 714 836 casus
737 773 822 857 ignis
845 772 1022 836 remedium
1044 772 1111 835 siue
1134 773 1262 838 inscitia
1281 843 1284 854 ,

198 857 396 926 aedificandi.

287 948 339 1014 Ne
371 958 609 1014 caementorum
640 950 770 1036 quidem
797 948 883 1035 apud
905 949 976 1013 illos
999 959 1057 1013 aut
1079 950 1262 1034 tegularum

199 1060 291 1102 usus:
315 1040 451 1103 materie
473 1036 514 1104 ad
538 1040 645 1104 omnia
668 1049 799 1115 utuntur
821 1039 952 1103 informi
973 1046 1005 1103 et
1025 1039 1107 1104 citra
1122 1040 1263 1124 speciem

199 1135 255 1192 aut
285 1125 539 1196 delectationem.
595 1126 762 1206 Quaedam
793 1129 865 1192 loca
898 1127 1081 1211 diligentius
1115 1127 1262 1191 inliniunt

199 1226 287 1281 terra
317 1218 363 1280 ita
386 1239 467 1303 pura
490 1241 527 1281 ac
550 1219 751 1305 splendente,
775 1227 810 1281 ut
833 1218 992 1303 picturam
1014 1239 1053 1281 ac
1075 1216 1263 1281 liniamenta

200 1304 343 1369 colorum
371 1307 523 1371 imitetur.
572 1307 674 1372 solent
698 1317 730 1372 et
753 1315 976 1392 supterraneos
999 1327 1112 1391 specus
1136 1307 1263 1390 aperire

202 1416 319 1479 eosque
343 1394 443 1458 multo
466 1397 595 1482 insuper
618 1393 693 1461 fimo
717 1404 863 1477 onerant,
897 1393 1068 1478 suffugium
1101 1394 1200 1458 hiemi
1232 1402 1263 1458 et

200 1483 439 1570 receptaculum
468 1483 630 1570 frugibus,
661 1486 736 1572 quia
762 1486 903 1568 rigorem
925 1483 1082 1567 frigorum
1107 1481 1264 1548 eiusmodi

200 1573 278 1636 lacis
302 1569 393 1658 (locis
417 1571 519 1659 codd.)
543 1575 703 1638 molliunt:
729 1583 775 1656 et,
799 1575 826 1638 si
850 1571 975 1658 quando
998 1572 1099 1637 hostis
1122 1571 1262 1656 aduenit,

201 1671 315 1748 aperta
337 1663 517 1748 populatur,
542 1662 652 1727 abdita
674 1673 782 1728 autem
806 1670 838 1726 et
862 1661 989 1726 defossa
1004 1671 1059 1725 aut
1074 1663 1264 1746 ignorantur

201 1761 256 1814 aut
279 1773 317 1815 eo
341 1753 411 1838 ipso
434 1751 562 1836 fallunt,
587 1752 672 1838 quod
696 1749 877 1838 quaerenda
900 1759 985 1815 sunt.

292 1841 344 1905 17.
370 1839 537 1924 Tegumen
567 1842 713 1906 omnibus
744 1863 857 1926 sagum
887 1838 985 1903 fibula
1015 1849 1086 1923 aut,
1121 1841 1147 1903 si
1171 1836 1263 1922 desit,

203 1930 294 2014 spina
323 1939 523 1994 consertum:
558 1939 664 1994 cetera
696 1931 806 1994 intecti
835 1939 918 1994 totos
949 1927 1018 1993 dies
1044 1931 1134 1993 iuxta
1157 1929 1264 1992 focum

202 2026 299 2104 atque
322 2019 431 2103 ignem
455 2029 566 2104 egunt.

291 2104 548 2193 Locupletissimi
567 2116 656 2172 ueste
672 2106 897 2192 distinguntur,
921 2129 985 2171 non
1008 2105 1161 2188 fluitante,
1183 2107 1264 2168 siout
1372 2159 1375 2164 .
1427 2195 1429 2210 1

204 2193 370 2261 Sarmatae
393 2219 431 2261 ac
454 2197 582 2280 Parthi,
615 2196 672 2262 sed
695 2198 806 2262 stricta
829 2208 859 2261 et
883 2196 1024 2281 singulos
1048 2205 1136 2259 artus
1160 2195 1264 2279 expri-

203 2292 320 2348 mente.

293 2371 420 2438 Gerunt
444 2383 475 2436 et
497 2373 637 2439 ferarum
660 2374 768 2461 pelles,
788 2375 927 2461 proximi
942 2376 1031 2458 ripae
1047 2372 1263 2457 neglegenter,

204 2462 370 2527 ulteriores
406 2464 609 2548 exquisitius,
642 2471 678 2526 ut
710 2463 825 2548 quibus
856 2461 959 2526 nullus
989 2484 1047 2547 per
1074 2461 1265 2525 commercia

205 2550 316 2616 cultus.
364 2552 487 2636 eligunt
510 2552 595 2617 feras
619 2562 652 2616 et
667 2550 812 2616 detracta
834 2552 995 2614 uolumina
1018 2557 1175 2636 spargunt
1198 2572 1264 2612 ma-

205 2640 283 2704 culis
306 2641 507 2727 pellibusque
529 2641 705 2724 beluarum,
730 2663 809 2726 quas
832 2641 972 2705 exterior
996 2636 1145 2702 Oceanus
1168 2645 1265 2722 atque

204 2731 350 2814 ignotum
373 2752 462 2796 mare
486 2731 600 2816 gignit.
646 2753 705 2807 nee
735 2730 814 2794 alius
841 2730 969 2794 feminis
992 2749 1088 2813 quam
1112 2727 1188 2790 uiris
1211 2725 1265 2790 ha·

205 2818 300 2902 bitus,
323 2820 385 2884 nisi
408 2821 492 2905 quod
517 2820 655 2885 feminae
678 2821 803 2905 saepius
824 2820 916 2884 lineis
932 2817 1102 2883 amictibus
1117 2815 1266 2880 uelantur

205 2929 322 2993 eosque
346 2930 488 2995 purpura
510 2911 646 2992 uariant,
669 2917 858 2995 partemque
881 2909 1014 2972 uestitus
1037 2906 1209 2991 superioris
1232 2907 1267 2968 in

205 2999 346 3060 manicae
368 3019 432 3061 non
456 2998 645 3080 extendunt,
673 2998 777 3062 nudae
800 2996 950 3061 bracchia
973 3017 1011 3061 ac
1033 2996 1184 3077 lacertos,
1209 2991 1267 3058 sed

205 3095 238 3148 et
266 3087 415 3171 proxima
443 3108 518 3172 pars
549 3087 687 3172 pectoris
715 3095 813 3172 patet.
861 3087 912 3150 18.
936 3106 1131 3171 quamquam
1154 3093 1267 3148 seuera

204 3173 268 3238 illic
291 3176 505 3260 matrimonia,
529 3198 588 3240 nee
611 3175 710 3239 ullam
732 3196 859 3238 morum
881 3184 1006 3261 partem
1030 3175 1134 3257 magis
1157 3169 1265 3236 lauda·

206 3265 301 3327 ueris.
356 3261 442 3327 Nam
459 3286 574 3351 prope
607 3263 665 3328 soli
698 3265 909 3328 barbarorum
945 3263 1079 3346 singulis
1113 3261 1265 3326 uxoribus

206 3354 346 3416 contenti
370 3362 453 3436 sunt,
478 3354 622 3440 exceptis
646 3351 816 3418 admodum
833 3353 952 3438 paucis,
974 3354 1029 3437 qui
1044 3373 1108 3416 non
1122 3348 1264 3430 libidine,

114 3513 115 3516 Ἴ
206 3438 262 3504 sed
286 3442 326 3504 ob
350 3440 548 3506 nobilitatem
570 3443 716 3528 plurimis
738 3443 858 3527 nuptiis
881 3441 1074 3505 ambiuntur.

294 3529 414 3594 Dotem
445 3553 508 3595 non
532 3553 614 3595 uxor
645 3533 772 3612 marito,
806 3530 863 3594 sed
892 3531 985 3594 uxori
1008 3529 1139 3602 maritus
1163 3525 1264 3590 offert.

206 3619 363 3683 intersunt
387 3630 536 3705 parentes
560 3629 592 3684 et
615 3620 787 3707 propinqui
809 3641 847 3684 ac
870 3641 1002 3683 munera
1024 3617 1174 3703 probant,
1200 3637 1266 3678 mu-

207 3730 284 3772 nera
306 3730 369 3772 non
394 3707 434 3772 ad
458 3707 587 3772 delicias
611 3708 775 3774 muliebris
799 3709 944 3794 quaesita
967 3728 1026 3770 nec
1050 3704 1164 3790 quibus
1184 3725 1268 3767 noua

207 3806 307 3883 nupta
331 3807 488 3882 comatur,
514 3798 570 3862 sed
592 3798 692 3862 boues
716 3807 747 3863 et
770 3797 931 3863 frenatum
953 3816 1070 3880 equum
1087 3802 1119 3858 et
1143 3801 1267 3856 scutum

210 3908 282 3949 cum
306 3886 428 3950 framea
451 3887 631 3972 gladioque.
677 3887 717 3952 In
741 3887 821 3952 haec
842 3907 975 3951 munera
997 3905 1079 3948 uxor
1102 3883 1266 3968 accipitur,
