2872 4410
628 223 841 285 ..13-

203 399 320 481 colunt,
344 397 547 483 Vangiones,
573 396 718 481 Triboci,
750 397 914 463 Nemetes.
961 419 999 462 ne
1028 396 1104 482 Vbii
1129 396 1269 484 quidem,

204 508 398 573 quamquam
420 487 566 550 Romana
597 486 720 552 colonia
750 510 820 552 esse
849 488 1027 552 meruerint
1057 510 1094 551 ac
1117 486 1270 552 libentius

203 576 460 662 Agrippinenses
495 574 667 640 conditoris
699 579 748 640 sui
780 578 908 640 nomine
939 585 1109 656 uocentur,
1145 578 1270 660 origine

204 665 413 748 erubescunt,
449 667 642 748 transgressi
675 665 751 728 olim
774 675 807 729 01
831 667 1051 751 experimento
1074 662 1150 730 fidei
1174 687 1270 751 super

205 755 308 840 ipsam
332 752 437 817 Rheni
460 754 564 839 ripam
588 754 754 837 conlocati,
779 763 815 818 ut
838 765 995 836 arcerent,
1020 777 1083 818 uon
1106 763 1141 818 ut
1165 765 1267 818 custo-

204 842 358 907 direntur.

293 933 345 996 29,
371 929 524 995 Omnium
548 930 662 994 harum
677 933 820 1015 gentium
836 932 956 996 uirtute
972 933 1137 1019 praecipui
1153 932 1270 997 Bataui

203 1041 267 1083 non
290 1019 426 1084 multum
458 1041 498 1082 ex
529 1021 614 1106 ripa,
651 1021 707 1085 sed
738 1021 874 1084 insulam
896 1020 1002 1086 Rheni
1025 1023 1128 1086 amnis
1152 1019 1268 1103 colunt,

204 1107 395 1174 Chattorum
419 1108 581 1193 quondam
596 1108 732 1195 populus
750 1119 782 1174 et
798 1109 953 1174 seditione
969 1109 1145 1175 domestica
1160 1112 1193 1174 in
1216 1132 1270 1174 eas

206 1196 297 1262 sedes
321 1207 551 1281 transgressus,
576 1200 608 1260 in
632 1198 746 1282 quibus
762 1220 836 1284 pars
853 1199 990 1264 Romani
1006 1201 1131 1285 imperii
1146 1196 1269 1264 fierent.

204 1296 313 1351 manet
335 1285 435 1351 honos
459 1297 491 1352 et
514 1288 666 1372 antiquae
690 1289 851 1351 societatis
874 1289 1017 1373 insigne,
1042 1310 1116 1352 uam
1137 1310 1197 1352 nec
1213 1289 1267 1351 tri·

204 1375 291 1438 butis
315 1384 560 1440 contemnuntur
583 1397 642 1440 nec
665 1375 854 1462 publicanus
877 1379 1004 1442 atterit:
1030 1379 1170 1463 exempti
1194 1399 1268 1442 one·

204 1465 293 1528 ribus
317 1474 348 1528 et
371 1465 593 1529 collationibus
617 1475 650 1528 et
673 1474 798 1528 tantum
825 1467 858 1528 in
887 1488 980 1529 usum
1003 1466 1198 1551 proeliorum
1223 1487 1268 1530 se-

205 1553 301 1638 positi
323 1553 412 1617 uelut
433 1554 500 1618 tela
524 1563 620 1639 atque
644 1575 735 1618 arma
757 1554 849 1619 bellis
872 1564 1086 1619 reseruantur.

293 1641 353 1704 Rst
376 1644 408 1704 iu
425 1642 541 1706 eodem
554 1644 708 1727 obsequio
725 1652 757 1707 et
773 1642 1001 1707 Mattiacorum
1017 1665 1114 1727 gens,
1138 1643 1270 1728 protulit

205 1731 291 1795 enim
314 1729 502 1814 magnitudo
530 1733 639 1818 populi
662 1731 800 1795 Romani
830 1732 917 1796 ultra
943 1730 1090 1796 Rhenum
1122 1733 1270 1816 ultraque

204 1829 331 1884 ueteres
355 1821 509 1884 terminos
526 1822 654 1906 imperii
668 1823 892 1886 reuerentiam.
938 1823 985 1885 ita
1000 1821 1075 1885 sede
1090 1820 1269 1906 finibusque

207 1910 241 1972 in
264 1927 322 1972 sua
345 1911 424 1995 ripa,
449 1919 556 1973 mente
580 1911 750 1996 animoque
772 1910 940 1975 nobiscum
962 1920 1073 1994 agunt,
1099 1919 1206 1974 cetera
1230 1911 1267 1972 si-

206 1997 298 2060 miles
321 1995 470 2081 Batauis,
501 1999 563 2062 nisi
586 1999 671 2083 quod
694 2001 763 2085 ipso
787 1998 890 2064 adhuc
914 2010 1019 2064 terrae
1047 2021 1124 2063 suae
1148 1999 1214 2063 solo
1238 2008 1270 2063 et

204 2085 292 2150 caelo
316 2087 419 2150 aerius
442 2088 632 2152 animantur.

293 2173 368 2239 Non
391 2178 628 2241 numerauerim
651 2178 735 2241 inter
759 2175 954 2242 Germaniae
977 2177 1128 2263 populos,
1159 2198 1268 2262 quam-

206 2284 302 2347 quam
324 2273 413 2328 trans
435 2263 584 2328 Rhenum
606 2264 856 2350 Danuuiumque
883 2265 1100 2343 consederint,
1136 2287 1190 2330 eos
1214 2268 1268 2350 qui

206 2350 425 2416 Decumathes
449 2375 544 2438 agros
562 2361 728 2419 exercent:
752 2352 932 2419 leuissimus
949 2356 1083 2440 quisque
1100 2352 1269 2419 Gallorum

206 2449 239 2503 et
262 2441 370 2526 inopia
393 2442 499 2506 audax
533 2441 649 2507 dubiae
683 2444 889 2528 possessionis
925 2445 1026 2507 solum
1056 2465 1268 2529 occupauere3

203 2551 280 2592 mox
302 2530 404 2594 limite
427 2541 500 2596 acto
535 2533 755 2619 promotisque
784 2532 952 2618 praesidiis
976 2534 1062 2596 sinus
1086 2535 1213 2619 imperii
1238 2541 1269 2596 et

206 2640 280 2704 pars
304 2621 488 2704 prouinciae
512 2619 680 2686 habentur.
733 2667 736 2671 -

293 2709 344 2772 30.
370 2709 465 2774 Vltra
487 2706 544 2773 hos
560 2707 670 2773 Chatti
689 2709 816 2774 initium
831 2709 915 2774 sedis
931 2710 971 2774 ab
988 2708 1169 2796 Herquinio
1186 2710 1269 2774 saltu

204 2793 370 2878 inchoant,
394 2800 525 2861 nonita
550 2799 658 2862 effirsis
681 2820 719 2861 ac
742 2799 937 2883 palustribus
959 2799 1053 2880 locis,
1083 2808 1118 2862 ut
1142 2807 1267 2864 ceterae

207 2884 368 2968 ciuitates,
404 2886 439 2949 in
470 2907 549 2971 quas
573 2885 750 2952 Germania
783 2889 933 2973 patescit:
969 2886 1086 2952 durant
1110 2888 1267 2972 siquidem

204 2973 314 3056 colles,
351 2975 506 3060 paulatim
542 2985 721 3058 rarescunt,
754 2985 786 3039 et
809 2974 942 3040 Chattos
966 2999 1039 3041 suos
1062 2977 1162 3040 saltus
1186 2976 1267 3040 Her-

205 3063 331 3146 quinius
354 3065 559 3149 prosequitur
588 3065 684 3128 simul
713 3074 809 3151 atque
839 3065 979 3153 deponit.
1026 3064 1156 3130 duriora
1179 3066 1267 3150 genti

204 3172 349 3237 corpora,
374 3154 477 3216 stricti
500 3163 598 3237 artus,
622 3155 732 3217 minax
747 3154 851 3218 uoltus
867 3165 900 3218 01
914 3156 1017 3218 maior
1032 3157 1147 3218 animis
1162 3157 1264 3237 uigor.

203 3237 352 3322 Multum,
376 3250 412 3303 ut
434 3243 519 3306 inter
535 3239 727 3324 Germanos,
750 3243 882 3307 rationis
905 3266 943 3308 10
970 3243 1148 3308 sollertiae:
1174 3265 1265 3328 prae·

204 3349 322 3413 ponere
347 3328 475 3414 electos,
500 3330 611 3394 audire
636 3333 845 3417 praepositos,
869 3355 962 3397 nosse
986 3330 1123 3414 ordines,
1147 3331 1266 3396 intelle-

204 3437 282 3500 gere
306 3419 499 3502 occasiones,
524 3419 651 3484 differre
669 3421 817 3505 impetus,
841 3419 1011 3507 disponere
1026 3419 1121 3505 diem,
1146 3420 1266 3485 uallare

203 3515 340 3590 noctem,
364 3504 526 3572 fortunam
548 3511 631 3572 inter
647 3507 755 3591 dubia,
778 3511 932 3575 uirtutem
950 3513 1034 3574 inter
1050 3519 1140 3574 certa
1155 3532 1264 3575 nume·

203 3615 292 3678 rare,
324 3595 473 3680 quodque
502 3599 702 3662 rarissimum
724 3620 783 3662 neo
806 3600 868 3662 uisi
890 3600 1057 3663 Romanae
1080 3599 1266 3685 disciplinae

204 3702 398 3762 concessum,
422 3684 493 3770 plus
508 3708 662 3772 reponere
678 3689 711 3751 iu
727 3684 807 3751 duce
823 3709 919 3772 quam
935 3690 969 3751 in
984 3691 1136 3752 exercitu.
1172 3711 1266 3754 omne

203 3769 300 3834 robur
322 3775 354 3837 in
378 3773 495 3860 pedite,
520 3796 614 3859 quern
639 3798 735 3860 super
758 3799 848 3841 arma
864 3777 1069 3841 ferramentis
1086 3798 1212 3862 quoque
1234 3789 1266 3842 et

204 3861 304 3945 copiis
328 3873 473 3927 onerant:
499 3862 578 3927 alios
600 3862 641 3927 ad
664 3865 823 3949 proelium
845 3866 892 3930 ire
915 3865 1042 3949 uideas,
1068 3862 1201 3930 Chattos
1225 3865 1264 3929 ad
