<?xml version="1.0" encoding="UTF-8"?>
<!DOCTYPE html PUBLIC "-//W3C//DTD XHTML 1.0 Transitional//EN"
    "http://www.w3.org/TR/xhtml1/DTD/xhtml1-transitional.dtd">
<html xmlns="http://www.w3.org/1999/xhtml" xml:lang="en" lang="en">
 <head>
  <title>
</title>
<meta http-equiv="Content-Type" content="text/html;charset=utf-8" />
  <meta name='ocr-system' content='tesseract 3.04.00' />
  <meta name='ocr-capabilities' content='ocr_page ocr_carea ocr_par ocr_line ocrx_word'/>
</head>
<body>
  <div class='ocr_page' id='page_1' title='image "./corneliitacitid01holdgoog_0026.png"; bbox 0 0 2872 4410; ppageno 0'>
   <div class='ocr_carea' id='block_1_1' title="bbox 607 191 828 254">
    <p class='ocr_par' dir='ltr' id='par_1_1' title="bbox 607 191 828 285">
     <span class='ocr_line' id='line_1_1' title="bbox 607 191 828 254; baseline -0.005 -19"><span class='ocrx_word' id='word_1_1' title='bbox 607 191 828 254; x_wconf 75' lang='grc'>...16-</span> 
     </span>
    </p>
   </div>
   <div class='ocr_carea' id='block_1_2' title="bbox 179 375 1250 2594">
    <p class='ocr_par' dir='ltr' id='par_1_2' title="bbox 184 375 1250 638">
     <span class='ocr_line' id='line_1_2' title="bbox 184 375 1250 462; baseline 0.005 -25"><span class='ocrx_word' id='word_1_2' title='bbox 184 375 366 459; x_wconf 88' lang='lat' dir='ltr'>ueterisque</span> <span class='ocrx_word' id='word_1_3' title='bbox 400 375 505 440; x_wconf 81' lang='lat' dir='ltr'>famae</span> <span class='ocrx_word' id='word_1_4' title='bbox 539 376 604 439; x_wconf 85' lang='lat' dir='ltr'>lata</span> <span class='ocrx_word' id='word_1_5' title='bbox 643 375 781 458; x_wconf 87' lang='lat' dir='ltr'>uestigia</span> <span class='ocrx_word' id='word_1_6' title='bbox 824 385 970 459; x_wconf 88' lang='lat' dir='ltr'>manent,</span> <span class='ocrx_word' id='word_1_7' title='bbox 1010 386 1146 461; x_wconf 83' lang='lat' dir='ltr'>utraque</span> <span class='ocrx_word' id='word_1_8' title='bbox 1179 378 1250 462; x_wconf 90' lang='lat' dir='ltr'>ripa</span> 
     </span>
     <span class='ocr_line' id='line_1_3' title="bbox 184 463 1249 550; baseline 0.004 -24"><span class='ocrx_word' id='word_1_9' title='bbox 184 474 289 526; x_wconf 87' lang='lat' dir='ltr'>castra</span> <span class='ocrx_word' id='word_1_10' title='bbox 316 485 354 526; x_wconf 94' lang='lat' dir='ltr'>ac</span> <span class='ocrx_word' id='word_1_11' title='bbox 386 465 503 549; x_wconf 90' lang='lat' dir='ltr'>spatia,</span> <span class='ocrx_word' id='word_1_12' title='bbox 534 485 669 550; x_wconf 91' lang='lat' dir='ltr'>quorum</span> <span class='ocrx_word' id='word_1_13' title='bbox 698 463 821 528; x_wconf 83' lang='lat' dir='ltr'>ambitu</span> <span class='ocrx_word' id='word_1_14' title='bbox 847 486 930 529; x_wconf 91' lang='lat' dir='ltr'>nunc</span> <span class='ocrx_word' id='word_1_15' title='bbox 959 485 1084 550; x_wconf 92' lang='lat' dir='ltr'>quoque</span> <span class='ocrx_word' id='word_1_16' title='bbox 1107 466 1249 530; x_wconf 87' lang='lat' dir='ltr'>metiaris</span> 
     </span>
     <span class='ocr_line' id='line_1_4' title="bbox 186 552 1166 638; baseline 0.004 -24"><span class='ocrx_word' id='word_1_17' title='bbox 186 554 303 616; x_wconf 92' lang='lat' dir='ltr'>molem</span> <span class='ocrx_word' id='word_1_18' title='bbox 325 574 502 638; x_wconf 90' lang='lat' dir='ltr'>manusque</span> <span class='ocrx_word' id='word_1_19' title='bbox 526 555 630 638; x_wconf 88' lang='lat' dir='ltr'>gentis</span> <span class='ocrx_word' id='word_1_20' title='bbox 654 561 776 616; x_wconf 85' lang='lat' dir='ltr'>ettam</span> <span class='ocrx_word' id='word_1_21' title='bbox 798 555 908 637; x_wconf 87' lang='lat' dir='ltr'>magni</span> <span class='ocrx_word' id='word_1_22' title='bbox 932 555 1036 617; x_wconf 88' lang='lat' dir='ltr'>exitus</span> <span class='ocrx_word' id='word_1_23' title='bbox 1059 552 1166 618; x_wconf 90' lang='lat' dir='ltr'>fidem.</span> 
     </span>
    </p>

    <p class='ocr_par' dir='ltr' id='par_1_3' title="bbox 182 639 1250 1150">
     <span class='ocr_line' id='line_1_5' title="bbox 272 639 1247 729; baseline 0.001 -24"><span class='ocrx_word' id='word_1_24' title='bbox 272 639 544 707; x_wconf 86' lang='lat' dir='ltr'>Sescentesimum</span> <span class='ocrx_word' id='word_1_25' title='bbox 567 651 600 706; x_wconf 89' lang='lat' dir='ltr'>et</span> <span class='ocrx_word' id='word_1_26' title='bbox 624 639 668 706; x_wconf 83' lang='lat' dir='ltr'>.X</span> <span class='ocrx_word' id='word_1_27' title='bbox 680 641 718 706; x_wconf 93' lang='lat' dir='ltr'>L.</span> <span class='ocrx_word' id='word_1_28' title='bbox 744 663 864 704; x_wconf 89' lang='lat' dir='ltr'>annum</span> <span class='ocrx_word' id='word_1_29' title='bbox 886 643 963 707; x_wconf 92' lang='lat' dir='ltr'>urbs</span> <span class='ocrx_word' id='word_1_30' title='bbox 986 651 1096 706; x_wconf 89' lang='lat' dir='ltr'>nostra</span> <span class='ocrx_word' id='word_1_31' title='bbox 1119 643 1247 729; x_wconf 87' lang='lat' dir='ltr'>agebat,</span> 
     </span>
     <span class='ocr_line' id='line_1_6' title="bbox 184 727 1247 815; baseline 0.003 -21"><span class='ocrx_word' id='word_1_32' title='bbox 184 751 256 794; x_wconf 89' lang='lat' dir='ltr'>cum</span> <span class='ocrx_word' id='word_1_33' title='bbox 280 731 419 815; x_wconf 92' lang='lat' dir='ltr'>primum</span> <span class='ocrx_word' id='word_1_34' title='bbox 436 727 640 796; x_wconf 75' lang='lat' dir='ltr'><strong>Cimbrorum</strong></span> <span class='ocrx_word' id='word_1_35' title='bbox 665 730 775 795; x_wconf 89' lang='lat' dir='ltr'>audita</span> <span class='ocrx_word' id='word_1_36' title='bbox 798 740 871 795; x_wconf 87' lang='lat' dir='ltr'>suut</span> <span class='ocrx_word' id='word_1_37' title='bbox 893 753 993 814; x_wconf 91' lang='lat' dir='ltr'>arma,</span> <span class='ocrx_word' id='word_1_38' title='bbox 1018 728 1158 796; x_wconf 90' lang='lat' dir='ltr'>Caecilio</span> <span class='ocrx_word' id='word_1_39' title='bbox 1178 731 1247 797; x_wconf 88' lang='lat' dir='ltr'>Me-</span> 
     </span>
     <span class='ocr_line' id='line_1_7' title="bbox 182 817 1248 905; baseline 0.001 -22"><span class='ocrx_word' id='word_1_40' title='bbox 182 817 259 883; x_wconf 89' lang='lat' dir='ltr'>tello</span> <span class='ocrx_word' id='word_1_41' title='bbox 283 827 315 882; x_wconf 86' lang='lat' dir='ltr'>et</span> <span class='ocrx_word' id='word_1_42' title='bbox 339 818 467 905; x_wconf 89' lang='lat' dir='ltr'>Papirio</span> <span class='ocrx_word' id='word_1_43' title='bbox 491 817 638 884; x_wconf 81' lang='lat' dir='ltr'>Carbone</span> <span class='ocrx_word' id='word_1_44' title='bbox 663 819 852 884; x_wconf 91' lang='lat' dir='ltr'>consulibus.</span> <span class='ocrx_word' id='word_1_45' title='bbox 900 843 940 884; x_wconf 87' lang='lat' dir='ltr'>ex</span> <span class='ocrx_word' id='word_1_46' title='bbox 964 841 1027 905; x_wconf 91' lang='lat' dir='ltr'>quo</span> <span class='ocrx_word' id='word_1_47' title='bbox 1057 821 1084 884; x_wconf 88' lang='lat' dir='ltr'>si</span> <span class='ocrx_word' id='word_1_48' title='bbox 1106 819 1148 884; x_wconf 90' lang='lat' dir='ltr'>ad</span> <span class='ocrx_word' id='word_1_49' title='bbox 1171 820 1248 884; x_wconf 87' lang='lat' dir='ltr'>alte·</span> 
     </span>
     <span class='ocr_line' id='line_1_8' title="bbox 183 908 1249 995; baseline 0.003 -24"><span class='ocrx_word' id='word_1_50' title='bbox 183 929 259 972; x_wconf 90' lang='lat' dir='ltr'>rum</span> <span class='ocrx_word' id='word_1_51' title='bbox 277 909 480 994; x_wconf 83' lang='lat' dir='ltr'>imperatoris</span> <span class='ocrx_word' id='word_1_52' title='bbox 505 908 637 972; x_wconf 83' lang='lat' dir='ltr'>Traiani</span> <span class='ocrx_word' id='word_1_53' title='bbox 657 908 856 973; x_wconf 89' lang='lat' dir='ltr'>consulatum</span> <span class='ocrx_word' id='word_1_54' title='bbox 872 918 1102 995; x_wconf 89' lang='lat' dir='ltr'>computemus,</span> <span class='ocrx_word' id='word_1_55' title='bbox 1119 909 1249 974; x_wconf 90' lang='lat' dir='ltr'>ducenti</span> 
     </span>
     <span class='ocr_line' id='line_1_9' title="bbox 184 996 1250 1083; baseline 0.002 -23"><span class='ocrx_word' id='word_1_56' title='bbox 184 996 284 1060; x_wconf 86' lang='lat' dir='ltr'>ferme</span> <span class='ocrx_word' id='word_1_57' title='bbox 319 1005 352 1060; x_wconf 86' lang='lat' dir='ltr'>et</span> <span class='ocrx_word' id='word_1_58' title='bbox 386 997 497 1062; x_wconf 91' lang='lat' dir='ltr'>decem</span> <span class='ocrx_word' id='word_1_59' title='bbox 531 999 606 1061; x_wconf 86' lang='lat' dir='ltr'>anni</span> <span class='ocrx_word' id='word_1_60' title='bbox 641 997 850 1083; x_wconf 86' lang='lat' dir='ltr'>colliguntur:</span> <span class='ocrx_word' id='word_1_61' title='bbox 886 1008 953 1062; x_wconf 86' lang='lat' dir='ltr'>tam</span> <span class='ocrx_word' id='word_1_62' title='bbox 988 996 1041 1060; x_wconf 91' lang='lat' dir='ltr'>diu</span> <span class='ocrx_word' id='word_1_63' title='bbox 1075 996 1250 1063; x_wconf 79' lang='lat' dir='ltr'>Germania</span> 
     </span>
     <span class='ocr_line' id='line_1_10' title="bbox 184 1087 332 1150; baseline -0.014 0"><span class='ocrx_word' id='word_1_64' title='bbox 184 1087 332 1150; x_wconf 86' lang='lat' dir='ltr'>uincitur.</span> 
     </span>
    </p>

    <p class='ocr_par' dir='ltr' id='par_1_4' title="bbox 179 1172 1247 2594">
     <span class='ocr_line' id='line_1_11' title="bbox 271 1172 1245 1261; baseline 0.003 -25"><span class='ocrx_word' id='word_1_65' title='bbox 271 1172 380 1238; x_wconf 88' lang='lat' dir='ltr'>Medio</span> <span class='ocrx_word' id='word_1_66' title='bbox 407 1185 472 1238; x_wconf 89' lang='lat' dir='ltr'>tam</span> <span class='ocrx_word' id='word_1_67' title='bbox 497 1173 585 1257; x_wconf 86' lang='lat' dir='ltr'>longi</span> <span class='ocrx_word' id='word_1_68' title='bbox 608 1176 682 1239; x_wconf 89' lang='lat' dir='ltr'>aeui</span> <span class='ocrx_word' id='word_1_69' title='bbox 704 1176 808 1261; x_wconf 83' lang='lat' dir='ltr'>spatio</span> <span class='ocrx_word' id='word_1_70' title='bbox 831 1177 933 1239; x_wconf 89' lang='lat' dir='ltr'>multa</span> <span class='ocrx_word' id='word_1_71' title='bbox 955 1177 1095 1239; x_wconf 84' lang='lat' dir='ltr'>inuicem</span> <span class='ocrx_word' id='word_1_72' title='bbox 1120 1174 1245 1239; x_wconf 90' lang='lat' dir='ltr'>damna.</span> 
     </span>
     <span class='ocr_line' id='line_1_12' title="bbox 182 1261 1247 1350; baseline 0.004 -25"><span class='ocrx_word' id='word_1_73' title='bbox 182 1283 246 1326; x_wconf 91' lang='lat' dir='ltr'>non</span> <span class='ocrx_word' id='word_1_74' title='bbox 269 1261 411 1346; x_wconf 90' lang='lat' dir='ltr'>Samnis,</span> <span class='ocrx_word' id='word_1_75' title='bbox 446 1285 511 1327; x_wconf 91' lang='lat' dir='ltr'>non</span> <span class='ocrx_word' id='word_1_76' title='bbox 540 1263 654 1348; x_wconf 82' lang='lat' dir='ltr'>Poeni,</span> <span class='ocrx_word' id='word_1_77' title='bbox 690 1286 756 1328; x_wconf 94' lang='lat' dir='ltr'>non</span> <span class='ocrx_word' id='word_1_78' title='bbox 785 1262 962 1350; x_wconf 85' lang='lat' dir='ltr'>Hispaniae</span> <span class='ocrx_word' id='word_1_79' title='bbox 992 1262 1174 1347; x_wconf 84' lang='lat' dir='ltr'>Galliaeue,</span> <span class='ocrx_word' id='word_1_80' title='bbox 1206 1287 1247 1329; x_wconf 92' lang='lat' dir='ltr'>ne</span> 
     </span>
     <span class='ocr_line' id='line_1_13' title="bbox 182 1350 1247 1439; baseline 0.004 -25"><span class='ocrx_word' id='word_1_81' title='bbox 182 1351 294 1415; x_wconf 88' lang='lat' dir='ltr'>Parthi</span> <span class='ocrx_word' id='word_1_82' title='bbox 317 1350 444 1437; x_wconf 89' lang='lat' dir='ltr'>quidem</span> <span class='ocrx_word' id='word_1_83' title='bbox 469 1353 596 1437; x_wconf 90' lang='lat' dir='ltr'>saepius</span> <span class='ocrx_word' id='word_1_84' title='bbox 620 1353 826 1417; x_wconf 85' lang='lat' dir='ltr'>admonuere:</span> <span class='ocrx_word' id='word_1_85' title='bbox 851 1354 970 1439; x_wconf 93' lang='lat' dir='ltr'>quippe</span> <span class='ocrx_word' id='word_1_86' title='bbox 993 1373 1094 1436; x_wconf 85' lang='lat' dir='ltr'>regno</span> <span class='ocrx_word' id='word_1_87' title='bbox 1115 1352 1247 1418; x_wconf 86' lang='lat' dir='ltr'>Arsacis</span> 
     </span>
     <span class='ocr_line' id='line_1_14' title="bbox 182 1439 1245 1526; baseline 0.002 -21"><span class='ocrx_word' id='word_1_88' title='bbox 182 1443 286 1505; x_wconf 88' lang='lat' dir='ltr'>acrior</span> <span class='ocrx_word' id='word_1_89' title='bbox 307 1450 355 1506; x_wconf 91' lang='lat' dir='ltr'>est</span> <span class='ocrx_word' id='word_1_90' title='bbox 372 1439 607 1506; x_wconf 83' lang='lat' dir='ltr'>Germanorum</span> <span class='ocrx_word' id='word_1_91' title='bbox 631 1442 773 1507; x_wconf 88' lang='lat' dir='ltr'>libertas.</span> <span class='ocrx_word' id='word_1_92' title='bbox 821 1440 906 1520; x_wconf 82' lang='lat' dir='ltr'>Quid</span> <span class='ocrx_word' id='word_1_93' title='bbox 930 1443 1015 1506; x_wconf 90' lang='lat' dir='ltr'>enim</span> <span class='ocrx_word' id='word_1_94' title='bbox 1038 1440 1124 1505; x_wconf 91' lang='lat' dir='ltr'>aliud</span> <span class='ocrx_word' id='word_1_95' title='bbox 1143 1443 1245 1526; x_wconf 89' lang='lat' dir='ltr'>nobis,</span> 
     </span>
     <span class='ocr_line' id='line_1_15' title="bbox 185 1528 1247 1617; baseline 0.001 -24"><span class='ocrx_word' id='word_1_96' title='bbox 185 1551 280 1616; x_wconf 91' lang='lat' dir='ltr'>quam</span> <span class='ocrx_word' id='word_1_97' title='bbox 304 1528 435 1594; x_wconf 90' lang='lat' dir='ltr'>caedem</span> <span class='ocrx_word' id='word_1_98' title='bbox 458 1528 577 1614; x_wconf 80' lang='lat' dir='ltr'>Crassi,</span> <span class='ocrx_word' id='word_1_99' title='bbox 601 1532 722 1599; x_wconf 76' lang='lat' dir='ltr'>amisso,</span> <span class='ocrx_word' id='word_1_100' title='bbox 742 1541 775 1595; x_wconf 87' lang='lat' dir='ltr'>et</span> <span class='ocrx_word' id='word_1_101' title='bbox 798 1531 865 1617; x_wconf 90' lang='lat' dir='ltr'>ipse</span> <span class='ocrx_word' id='word_1_102' title='bbox 888 1529 1011 1596; x_wconf 89' lang='lat' dir='ltr'>Pacoro</span> <span class='ocrx_word' id='word_1_103' title='bbox 1034 1530 1117 1594; x_wconf 80' lang='lat' dir='ltr'>infra</span> <span class='ocrx_word' id='word_1_104' title='bbox 1133 1529 1247 1595; x_wconf 89' lang='lat' dir='ltr'>Venti-</span> 
     </span>
     <span class='ocr_line' id='line_1_16' title="bbox 183 1617 1247 1685; baseline 0.002 -3"><span class='ocrx_word' id='word_1_105' title='bbox 183 1618 269 1682; x_wconf 90' lang='lat' dir='ltr'>dium</span> <span class='ocrx_word' id='word_1_106' title='bbox 302 1619 443 1683; x_wconf 89' lang='lat' dir='ltr'>daiectus</span> <span class='ocrx_word' id='word_1_107' title='bbox 467 1622 572 1684; x_wconf 89' lang='lat' dir='ltr'>oriens</span> <span class='ocrx_word' id='word_1_108' title='bbox 597 1619 776 1684; x_wconf 74' lang='lat' dir='ltr'>obiecerit?</span> <span class='ocrx_word' id='word_1_109' title='bbox 808 1628 841 1683; x_wconf 88' lang='lat' dir='ltr'>at</span> <span class='ocrx_word' id='word_1_110' title='bbox 865 1617 1021 1684; x_wconf 80' lang='lat' dir='ltr'>Germani</span> <span class='ocrx_word' id='word_1_111' title='bbox 1044 1619 1191 1685; x_wconf 81' lang='lat' dir='ltr'>Carbone</span> <span class='ocrx_word' id='word_1_112' title='bbox 1215 1629 1247 1684; x_wconf 88' lang='lat' dir='ltr'>et</span> 
     </span>
     <span class='ocr_line' id='line_1_17' title="bbox 183 1705 1246 1795; baseline 0.003 -25"><span class='ocrx_word' id='word_1_113' title='bbox 183 1705 294 1772; x_wconf 90' lang='lat' dir='ltr'>Cassio</span> <span class='ocrx_word' id='word_1_114' title='bbox 327 1717 359 1773; x_wconf 90' lang='lat' dir='ltr'>et</span> <span class='ocrx_word' id='word_1_115' title='bbox 387 1706 509 1774; x_wconf 81' lang='lat' dir='ltr'>Scauro</span> <span class='ocrx_word' id='word_1_116' title='bbox 533 1708 664 1773; x_wconf 92' lang='lat' dir='ltr'>Aurelio</span> <span class='ocrx_word' id='word_1_117' title='bbox 697 1718 729 1772; x_wconf 89' lang='lat' dir='ltr'>ct</span> <span class='ocrx_word' id='word_1_118' title='bbox 759 1707 896 1774; x_wconf 91' lang='lat' dir='ltr'>Seruilio</span> <span class='ocrx_word' id='word_1_119' title='bbox 921 1708 1098 1795; x_wconf 85' lang='lat' dir='ltr'>Caepione,</span> <span class='ocrx_word' id='word_1_120' title='bbox 1126 1708 1246 1794; x_wconf 67' lang='lat' dir='ltr'>(laque</span> 
     </span>
     <span class='ocr_line' id='line_1_18' title="bbox 182 1795 1244 1884; baseline 0.002 -24"><span class='ocrx_word' id='word_1_121' title='bbox 182 1795 291 1861; x_wconf 88' lang='lat' dir='ltr'>Mallio</span> <span class='ocrx_word' id='word_1_122' title='bbox 315 1797 393 1861; x_wconf 85' lang='lat' dir='ltr'>fusis</span> <span class='ocrx_word' id='word_1_123' title='bbox 416 1797 468 1861; x_wconf 89' lang='lat' dir='ltr'>uel</span> <span class='ocrx_word' id='word_1_124' title='bbox 491 1798 592 1884; x_wconf 86' lang='lat' dir='ltr'>captis</span> <span class='ocrx_word' id='word_1_125' title='bbox 616 1799 756 1883; x_wconf 91' lang='lat' dir='ltr'>quinque</span> <span class='ocrx_word' id='word_1_126' title='bbox 781 1798 874 1862; x_wconf 92' lang='lat' dir='ltr'>simul</span> <span class='ocrx_word' id='word_1_127' title='bbox 895 1796 1069 1863; x_wconf 86' lang='lat' dir='ltr'>consularis</span> <span class='ocrx_word' id='word_1_128' title='bbox 1084 1799 1244 1863; x_wconf 87' lang='lat' dir='ltr'>exercitus</span> 
     </span>
     <span class='ocr_line' id='line_1_19' title="bbox 182 1885 1245 1972; baseline 0.001 -23"><span class='ocrx_word' id='word_1_129' title='bbox 182 1886 299 1972; x_wconf 91' lang='lat' dir='ltr'>populo</span> <span class='ocrx_word' id='word_1_130' title='bbox 322 1885 475 1969; x_wconf 86' lang='lat' dir='ltr'>Romano,</span> <span class='ocrx_word' id='word_1_131' title='bbox 501 1886 624 1950; x_wconf 92' lang='lat' dir='ltr'>Varum</span> <span class='ocrx_word' id='word_1_132' title='bbox 654 1887 775 1971; x_wconf 91' lang='lat' dir='ltr'>trisque</span> <span class='ocrx_word' id='word_1_133' title='bbox 805 1909 876 1950; x_wconf 92' lang='lat' dir='ltr'>cum</span> <span class='ocrx_word' id='word_1_134' title='bbox 908 1909 945 1950; x_wconf 90' lang='lat' dir='ltr'>eo</span> <span class='ocrx_word' id='word_1_135' title='bbox 975 1887 1120 1970; x_wconf 85' lang='lat' dir='ltr'>legiones</span> <span class='ocrx_word' id='word_1_136' title='bbox 1148 1887 1245 1952; x_wconf 90' lang='lat' dir='ltr'>etiam</span> 
     </span>
     <span class='ocr_line' id='line_1_20' title="bbox 182 1972 1244 2060; baseline 0.002 -22"><span class='ocrx_word' id='word_1_137' title='bbox 182 1973 311 2038; x_wconf 80' lang='lat' dir='ltr'>Caesari</span> <span class='ocrx_word' id='word_1_138' title='bbox 327 1975 543 2059; x_wconf 81' lang='lat' dir='ltr'>abstulerunt3</span> <span class='ocrx_word' id='word_1_139' title='bbox 566 1997 625 2038; x_wconf 87' lang='lat' dir='ltr'>nec</span> <span class='ocrx_word' id='word_1_140' title='bbox 641 1977 772 2060; x_wconf 92' lang='lat' dir='ltr'>impune</span> <span class='ocrx_word' id='word_1_141' title='bbox 788 1972 824 2042; x_wconf 88' lang='lat' dir='ltr'>C.</span> <span class='ocrx_word' id='word_1_142' title='bbox 841 1974 964 2040; x_wconf 90' lang='lat' dir='ltr'>Marius</span> <span class='ocrx_word' id='word_1_143' title='bbox 979 1977 1013 2039; x_wconf 91' lang='lat' dir='ltr'>in</span> <span class='ocrx_word' id='word_1_144' title='bbox 1028 1974 1133 2059; x_wconf 89' lang='lat' dir='ltr'>Italia,</span> <span class='ocrx_word' id='word_1_145' title='bbox 1152 1976 1244 2040; x_wconf 91' lang='lat' dir='ltr'>diuus</span> 
     </span>
     <span class='ocr_line' id='line_1_21' title="bbox 182 2061 1242 2146; baseline 0.002 -20"><span class='ocrx_word' id='word_1_146' title='bbox 182 2063 280 2127; x_wconf 90' lang='lat' dir='ltr'>Iulius</span> <span class='ocrx_word' id='word_1_147' title='bbox 304 2065 337 2128; x_wconf 91' lang='lat' dir='ltr'>in</span> <span class='ocrx_word' id='word_1_148' title='bbox 361 2061 482 2146; x_wconf 82' lang='lat' dir='ltr'>Callia,</span> <span class='ocrx_word' id='word_1_149' title='bbox 506 2063 633 2128; x_wconf 91' lang='lat' dir='ltr'>Drusus</span> <span class='ocrx_word' id='word_1_150' title='bbox 656 2086 694 2128; x_wconf 87' lang='lat' dir='ltr'>ac</span> <span class='ocrx_word' id='word_1_151' title='bbox 718 2062 805 2128; x_wconf 90' lang='lat' dir='ltr'>Nero</span> <span class='ocrx_word' id='word_1_152' title='bbox 830 2075 862 2129; x_wconf 85' lang='lat' dir='ltr'>et</span> <span class='ocrx_word' id='word_1_153' title='bbox 884 2063 1098 2130; x_wconf 82' lang='lat' dir='ltr'>Germanicus</span> <span class='ocrx_word' id='word_1_154' title='bbox 1121 2068 1154 2130; x_wconf 91' lang='lat' dir='ltr'>in</span> <span class='ocrx_word' id='word_1_155' title='bbox 1178 2064 1242 2128; x_wconf 89' lang='lat' dir='ltr'>suis</span> 
     </span>
     <span class='ocr_line' id='line_1_22' title="bbox 180 2151 1245 2239; baseline 0 -23"><span class='ocrx_word' id='word_1_156' title='bbox 180 2173 234 2217; x_wconf 87' lang='lat' dir='ltr'>eos</span> <span class='ocrx_word' id='word_1_157' title='bbox 257 2151 384 2216; x_wconf 90' lang='lat' dir='ltr'>sedibus</span> <span class='ocrx_word' id='word_1_158' title='bbox 407 2154 620 2239; x_wconf 88' lang='lat' dir='ltr'>perculerunt.</span> <span class='ocrx_word' id='word_1_159' title='bbox 660 2175 736 2218; x_wconf 89' lang='lat' dir='ltr'>mox</span> <span class='ocrx_word' id='word_1_160' title='bbox 755 2155 904 2238; x_wconf 86' lang='lat' dir='ltr'>ingentes</span> <span class='ocrx_word' id='word_1_161' title='bbox 920 2151 956 2218; x_wconf 88' lang='lat' dir='ltr'>C.</span> <span class='ocrx_word' id='word_1_162' title='bbox 974 2151 1122 2217; x_wconf 91' lang='lat' dir='ltr'>Caesaris</span> <span class='ocrx_word' id='word_1_163' title='bbox 1138 2154 1245 2217; x_wconf 89' lang='lat' dir='ltr'>minae</span> 
     </span>
     <span class='ocr_line' id='line_1_23' title="bbox 179 2240 1241 2326; baseline 0 -20"><span class='ocrx_word' id='word_1_164' title='bbox 179 2243 213 2306; x_wconf 89' lang='lat' dir='ltr'>in</span> <span class='ocrx_word' id='word_1_165' title='bbox 242 2240 414 2306; x_wconf 87' lang='lat' dir='ltr'>ludibrium</span> <span class='ocrx_word' id='word_1_166' title='bbox 447 2264 568 2307; x_wconf 89' lang='lat' dir='ltr'>uersae.</span> <span class='ocrx_word' id='word_1_167' title='bbox 614 2241 689 2307; x_wconf 93' lang='lat' dir='ltr'>inde</span> <span class='ocrx_word' id='word_1_168' title='bbox 719 2244 833 2326; x_wconf 87' lang='lat' dir='ltr'>otium,</span> <span class='ocrx_word' id='word_1_169' title='bbox 865 2243 966 2307; x_wconf 92' lang='lat' dir='ltr'>donec</span> <span class='ocrx_word' id='word_1_170' title='bbox 990 2244 1157 2307; x_wconf 84' lang='lat' dir='ltr'>occasione</span> <span class='ocrx_word' id='word_1_171' title='bbox 1181 2240 1241 2306; x_wconf 90' lang='lat' dir='ltr'>dis·</span> 
     </span>
     <span class='ocr_line' id='line_1_24' title="bbox 181 2328 1244 2418; baseline 0.001 -24"><span class='ocrx_word' id='word_1_172' title='bbox 181 2328 308 2394; x_wconf 91' lang='lat' dir='ltr'>cordiae</span> <span class='ocrx_word' id='word_1_173' title='bbox 322 2339 450 2395; x_wconf 87' lang='lat' dir='ltr'>nostrae</span> <span class='ocrx_word' id='word_1_174' title='bbox 467 2340 499 2395; x_wconf 86' lang='lat' dir='ltr'>et</span> <span class='ocrx_word' id='word_1_175' title='bbox 515 2331 656 2395; x_wconf 89' lang='lat' dir='ltr'>ciuilium</span> <span class='ocrx_word' id='word_1_176' title='bbox 677 2353 841 2396; x_wconf 90' lang='lat' dir='ltr'>armorum</span> <span class='ocrx_word' id='word_1_177' title='bbox 864 2333 1058 2418; x_wconf 87' lang='lat' dir='ltr'>expugnatis</span> <span class='ocrx_word' id='word_1_178' title='bbox 1081 2330 1244 2414; x_wconf 90' lang='lat' dir='ltr'>legionum</span> 
     </span>
     <span class='ocr_line' id='line_1_25' title="bbox 181 2417 1245 2506; baseline 0.001 -24"><span class='ocrx_word' id='word_1_179' title='bbox 181 2419 323 2483; x_wconf 90' lang='lat' dir='ltr'>hibernis</span> <span class='ocrx_word' id='word_1_180' title='bbox 353 2420 450 2483; x_wconf 88' lang='lat' dir='ltr'>etiam</span> <span class='ocrx_word' id='word_1_181' title='bbox 474 2417 599 2485; x_wconf 83' lang='lat' dir='ltr'>Gallias</span> <span class='ocrx_word' id='word_1_182' title='bbox 629 2419 838 2504; x_wconf 86' lang='lat' dir='ltr'>affectauere;</span> <span class='ocrx_word' id='word_1_183' title='bbox 871 2443 909 2484; x_wconf 92' lang='lat' dir='ltr'>ac</span> <span class='ocrx_word' id='word_1_184' title='bbox 940 2443 1050 2485; x_wconf 86' lang='lat' dir='ltr'>rursus</span> <span class='ocrx_word' id='word_1_185' title='bbox 1073 2421 1156 2506; x_wconf 91' lang='lat' dir='ltr'>pulsi</span> <span class='ocrx_word' id='word_1_186' title='bbox 1179 2421 1245 2484; x_wconf 80' lang='lat' dir='ltr'>iam</span> 
     </span>
     <span class='ocr_line' id='line_1_26' title="bbox 180 2506 1243 2594; baseline 0.006 -23"><span class='ocrx_word' id='word_1_187' title='bbox 180 2509 335 2594; x_wconf 87' lang='lat' dir='ltr'>proximis</span> <span class='ocrx_word' id='word_1_188' title='bbox 365 2508 563 2594; x_wconf 77' lang='lat' dir='ltr'>temporibus</span> <span class='ocrx_word' id='word_1_189' title='bbox 592 2506 779 2594; x_wconf 90' lang='lat' dir='ltr'>triumphati</span> <span class='ocrx_word' id='word_1_190' title='bbox 805 2511 909 2594; x_wconf 88' lang='lat' dir='ltr'>magis</span> <span class='ocrx_word' id='word_1_191' title='bbox 941 2531 1036 2593; x_wconf 93' lang='lat' dir='ltr'>quam</span> <span class='ocrx_word' id='word_1_192' title='bbox 1060 2509 1137 2573; x_wconf 88' lang='lat' dir='ltr'>uicti</span> <span class='ocrx_word' id='word_1_193' title='bbox 1160 2517 1243 2577; x_wconf 85' lang='lat' dir='ltr'>sunt.</span> 
     </span>
    </p>
   </div>
   <div class='ocr_carea' id='block_1_3' title="bbox 179 2682 1244 3907">
    <p class='ocr_par' dir='ltr' id='par_1_5' title="bbox 180 2682 1243 3037">
     <span class='ocr_line' id='line_1_27' title="bbox 269 2682 1243 2771; baseline -0.001 -21"><span class='ocrx_word' id='word_1_194' title='bbox 269 2687 320 2750; x_wconf 82' lang='lat'>38.</span> <span class='ocrx_word' id='word_1_195' title='bbox 344 2682 440 2748; x_wconf 90' lang='lat' dir='ltr'>Nunc</span> <span class='ocrx_word' id='word_1_196' title='bbox 462 2685 502 2750; x_wconf 92' lang='lat' dir='ltr'>de</span> <span class='ocrx_word' id='word_1_197' title='bbox 526 2683 639 2750; x_wconf 78' lang='lat' dir='ltr'>Suebis</span> <span class='ocrx_word' id='word_1_198' title='bbox 662 2682 832 2748; x_wconf 90' lang='lat' dir='ltr'>dicendum</span> <span class='ocrx_word' id='word_1_199' title='bbox 856 2695 914 2770; x_wconf 87' lang='lat' dir='ltr'>est,</span> <span class='ocrx_word' id='word_1_200' title='bbox 936 2708 1071 2771; x_wconf 92' lang='lat' dir='ltr'>quorum</span> <span class='ocrx_word' id='word_1_201' title='bbox 1092 2701 1155 2750; x_wconf 84' lang='lat' dir='ltr'>non&#39;</span> <span class='ocrx_word' id='word_1_202' title='bbox 1171 2708 1243 2769; x_wconf 89' lang='lat' dir='ltr'>una,</span> 
     </span>
     <span class='ocr_line' id='line_1_28' title="bbox 180 2772 1242 2858; baseline 0.002 -21"><span class='ocrx_word' id='word_1_203' title='bbox 180 2784 216 2838; x_wconf 87' lang='lat' dir='ltr'>ut</span> <span class='ocrx_word' id='word_1_204' title='bbox 238 2772 428 2838; x_wconf 88' lang='lat' dir='ltr'>Chattorum</span> <span class='ocrx_word' id='word_1_205' title='bbox 453 2774 738 2858; x_wconf 84' lang='lat' dir='ltr'>Tencterorumue,</span> <span class='ocrx_word' id='word_1_206' title='bbox 763 2796 857 2858; x_wconf 82' lang='lat' dir='ltr'>gens3</span> <span class='ocrx_word' id='word_1_207' title='bbox 882 2777 1037 2840; x_wconf 90' lang='lat' dir='ltr'>maiorem</span> <span class='ocrx_word' id='word_1_208' title='bbox 1061 2777 1144 2840; x_wconf 89' lang='lat' dir='ltr'>enim</span> <span class='ocrx_word' id='word_1_209' title='bbox 1161 2773 1242 2841; x_wconf 81' lang='lat' dir='ltr'>Cer·</span> 
     </span>
     <span class='ocr_line' id='line_1_29' title="bbox 180 2862 1243 2949; baseline 0.002 -23"><span class='ocrx_word' id='word_1_210' title='bbox 180 2865 306 2926; x_wconf 89' lang='lat' dir='ltr'>maniae</span> <span class='ocrx_word' id='word_1_211' title='bbox 330 2873 457 2949; x_wconf 89' lang='lat' dir='ltr'>partem</span> <span class='ocrx_word' id='word_1_212' title='bbox 478 2865 633 2949; x_wconf 81' lang='lat' dir='ltr'>optinent,</span> <span class='ocrx_word' id='word_1_213' title='bbox 656 2865 794 2949; x_wconf 88' lang='lat' dir='ltr'>propriis</span> <span class='ocrx_word' id='word_1_214' title='bbox 818 2862 921 2928; x_wconf 91' lang='lat' dir='ltr'>adhuc</span> <span class='ocrx_word' id='word_1_215' title='bbox 941 2864 1121 2930; x_wconf 88' lang='lat' dir='ltr'>nationibus</span> <span class='ocrx_word' id='word_1_216' title='bbox 1144 2866 1243 2928; x_wconf 91' lang='lat' dir='ltr'>nomi·</span> 
     </span>
     <span class='ocr_line' id='line_1_30' title="bbox 181 2950 1242 3037; baseline 0 -21"><span class='ocrx_word' id='word_1_217' title='bbox 181 2953 338 3036; x_wconf 88' lang='lat' dir='ltr'>nibusque</span> <span class='ocrx_word' id='word_1_218' title='bbox 355 2952 495 3036; x_wconf 83' lang='lat' dir='ltr'>discreti,</span> <span class='ocrx_word' id='word_1_219' title='bbox 515 2973 709 3037; x_wconf 92' lang='lat' dir='ltr'>quamquam</span> <span class='ocrx_word' id='word_1_220' title='bbox 727 2953 945 3017; x_wconf 89' lang='lat' dir='ltr'>incommune</span> <span class='ocrx_word' id='word_1_221' title='bbox 966 2950 1062 3018; x_wconf 82' lang='lat' dir='ltr'>Suebi</span> <span class='ocrx_word' id='word_1_222' title='bbox 1079 2964 1242 3018; x_wconf 87' lang='lat' dir='ltr'>nocentur.</span> 
     </span>
    </p>

    <p class='ocr_par' dir='ltr' id='par_1_6' title="bbox 179 3039 1244 3907">
     <span class='ocr_line' id='line_1_31' title="bbox 267 3039 1242 3128; baseline 0.002 -25"><span class='ocrx_word' id='word_1_223' title='bbox 267 3039 400 3124; x_wconf 82' lang='lat' dir='ltr'>Insigne</span> <span class='ocrx_word' id='word_1_224' title='bbox 416 3041 521 3126; x_wconf 89' lang='lat' dir='ltr'>gentis</span> <span class='ocrx_word' id='word_1_225' title='bbox 534 3040 699 3126; x_wconf 90' lang='lat' dir='ltr'>obliquare</span> <span class='ocrx_word' id='word_1_226' title='bbox 712 3043 831 3105; x_wconf 91' lang='lat' dir='ltr'>crinem</span> <span class='ocrx_word' id='word_1_227' title='bbox 848 3040 995 3126; x_wconf 93' lang='lat' dir='ltr'>nodoque</span> <span class='ocrx_word' id='word_1_228' title='bbox 1008 3042 1242 3128; x_wconf 87' lang='lat' dir='ltr'>substringere:</span> 
     </span>
     <span class='ocr_line' id='line_1_32' title="bbox 181 3126 1243 3216; baseline 0.001 -24"><span class='ocrx_word' id='word_1_229' title='bbox 181 3131 227 3193; x_wconf 88' lang='lat' dir='ltr'>sic</span> <span class='ocrx_word' id='word_1_230' title='bbox 250 3126 346 3194; x_wconf 82' lang='lat' dir='ltr'>Suebi</span> <span class='ocrx_word' id='word_1_231' title='bbox 380 3153 398 3193; x_wconf 92' lang='lat' dir='ltr'>a</span> <span class='ocrx_word' id='word_1_232' title='bbox 428 3131 545 3194; x_wconf 87' lang='lat' dir='ltr'>ceteris</span> <span class='ocrx_word' id='word_1_233' title='bbox 569 3128 757 3212; x_wconf 85' lang='lat' dir='ltr'>Germanis,</span> <span class='ocrx_word' id='word_1_234' title='bbox 792 3132 837 3195; x_wconf 86' lang='lat' dir='ltr'>sic</span> <span class='ocrx_word' id='word_1_235' title='bbox 860 3128 1038 3197; x_wconf 90' lang='lat' dir='ltr'>Sueborum</span> <span class='ocrx_word' id='word_1_236' title='bbox 1064 3131 1196 3216; x_wconf 87' lang='lat' dir='ltr'>ingenui</span> <span class='ocrx_word' id='word_1_237' title='bbox 1224 3152 1243 3193; x_wconf 91' lang='lat' dir='ltr'>a</span> 
     </span>
     <span class='ocr_line' id='line_1_33' title="bbox 180 3217 1243 3304; baseline 0 -23"><span class='ocrx_word' id='word_1_238' title='bbox 180 3220 279 3282; x_wconf 91' lang='lat' dir='ltr'>seruis</span> <span class='ocrx_word' id='word_1_239' title='bbox 304 3228 502 3304; x_wconf 86' lang='lat' dir='ltr'>separantur.</span> <span class='ocrx_word' id='word_1_240' title='bbox 550 3217 589 3283; x_wconf 90' lang='lat' dir='ltr'>In</span> <span class='ocrx_word' id='word_1_241' title='bbox 612 3220 683 3283; x_wconf 90' lang='lat' dir='ltr'>aliis</span> <span class='ocrx_word' id='word_1_242' title='bbox 707 3219 870 3304; x_wconf 91' lang='lat' dir='ltr'>gentibus,</span> <span class='ocrx_word' id='word_1_243' title='bbox 895 3241 951 3284; x_wconf 89' lang='lat' dir='ltr'>seu</span> <span class='ocrx_word' id='word_1_244' title='bbox 976 3223 1165 3304; x_wconf 86' lang='lat' dir='ltr'>cognatione</span> <span class='ocrx_word' id='word_1_245' title='bbox 1188 3219 1243 3283; x_wconf 90' lang='lat' dir='ltr'>ali-</span> 
     </span>
     <span class='ocr_line' id='line_1_34' title="bbox 180 3304 1243 3393; baseline 0 -23"><span class='ocrx_word' id='word_1_246' title='bbox 180 3329 242 3392; x_wconf 86' lang='lat' dir='ltr'>qua</span> <span class='ocrx_word' id='word_1_247' title='bbox 259 3304 436 3372; x_wconf 90' lang='lat' dir='ltr'>Sueborum</span> <span class='ocrx_word' id='word_1_248' title='bbox 454 3330 520 3391; x_wconf 86' lang='lat' dir='ltr'>seu,</span> <span class='ocrx_word' id='word_1_249' title='bbox 537 3307 623 3392; x_wconf 92' lang='lat' dir='ltr'>quod</span> <span class='ocrx_word' id='word_1_250' title='bbox 639 3309 767 3393; x_wconf 88' lang='lat' dir='ltr'>saepius</span> <span class='ocrx_word' id='word_1_251' title='bbox 783 3307 910 3393; x_wconf 92' lang='lat' dir='ltr'>accidit,</span> <span class='ocrx_word' id='word_1_252' title='bbox 932 3310 1119 3393; x_wconf 90' lang='lat' dir='ltr'>imitatione,</span> <span class='ocrx_word' id='word_1_253' title='bbox 1135 3330 1243 3372; x_wconf 90' lang='lat' dir='ltr'>rarum</span> 
     </span>
     <span class='ocr_line' id='line_1_35' title="bbox 182 3395 1243 3485; baseline -0.001 -25"><span class='ocrx_word' id='word_1_254' title='bbox 182 3406 215 3460; x_wconf 89' lang='lat' dir='ltr'>et</span> <span class='ocrx_word' id='word_1_255' title='bbox 237 3397 322 3460; x_wconf 91' lang='lat' dir='ltr'>intra</span> <span class='ocrx_word' id='word_1_256' title='bbox 344 3398 493 3461; x_wconf 90' lang='lat' dir='ltr'>iuuentae</span> <span class='ocrx_word' id='word_1_257' title='bbox 517 3397 665 3483; x_wconf 89' lang='lat' dir='ltr'>spatium,</span> <span class='ocrx_word' id='word_1_258' title='bbox 683 3395 769 3483; x_wconf 91' lang='lat' dir='ltr'>apud</span> <span class='ocrx_word' id='word_1_259' title='bbox 785 3395 907 3464; x_wconf 90' lang='lat' dir='ltr'>Suebos</span> <span class='ocrx_word' id='word_1_260' title='bbox 922 3420 1022 3485; x_wconf 90' lang='lat' dir='ltr'>usque</span> <span class='ocrx_word' id='word_1_261' title='bbox 1038 3399 1079 3463; x_wconf 88' lang='lat' dir='ltr'>ad</span> <span class='ocrx_word' id='word_1_262' title='bbox 1094 3397 1243 3462; x_wconf 89' lang='lat' dir='ltr'>canitiem</span> 
     </span>
     <span class='ocr_line' id='line_1_36' title="bbox 179 3483 1242 3574; baseline 0 -25"><span class='ocrx_word' id='word_1_263' title='bbox 179 3483 361 3550; x_wconf 88' lang='lat' dir='ltr'>horrentem</span> <span class='ocrx_word' id='word_1_264' title='bbox 386 3485 537 3572; x_wconf 90' lang='lat' dir='ltr'>capillum</span> <span class='ocrx_word' id='word_1_265' title='bbox 559 3494 645 3550; x_wconf 90' lang='lat' dir='ltr'>retro</span> <span class='ocrx_word' id='word_1_266' title='bbox 670 3492 834 3570; x_wconf 80' lang='lat' dir='ltr'>seponunt,</span> <span class='ocrx_word' id='word_1_267' title='bbox 863 3509 901 3551; x_wconf 92' lang='lat' dir='ltr'>ac</span> <span class='ocrx_word' id='word_1_268' title='bbox 925 3509 1021 3574; x_wconf 88' lang='lat' dir='ltr'>saepe</span> <span class='ocrx_word' id='word_1_269' title='bbox 1036 3488 1068 3549; x_wconf 93' lang='lat' dir='ltr'>in</span> <span class='ocrx_word' id='word_1_270' title='bbox 1089 3488 1160 3571; x_wconf 91' lang='lat' dir='ltr'>ipso</span> <span class='ocrx_word' id='word_1_271' title='bbox 1176 3486 1242 3550; x_wconf 88' lang='lat' dir='ltr'>solo</span> 
     </span>
     <span class='ocr_line' id='line_1_37' title="bbox 179 3575 1244 3660; baseline 0.001 -22"><span class='ocrx_word' id='word_1_272' title='bbox 179 3575 300 3638; x_wconf 87' lang='lat' dir='ltr'>uertice</span> <span class='ocrx_word' id='word_1_273' title='bbox 315 3575 470 3660; x_wconf 84' lang='lat' dir='ltr'>religant3</span> <span class='ocrx_word' id='word_1_274' title='bbox 495 3575 657 3660; x_wconf 89' lang='lat' dir='ltr'>principes</span> <span class='ocrx_word' id='word_1_275' title='bbox 674 3585 705 3638; x_wconf 92' lang='lat' dir='ltr'>et</span> <span class='ocrx_word' id='word_1_276' title='bbox 722 3585 904 3640; x_wconf 89' lang='lat' dir='ltr'>ornatorem</span> <span class='ocrx_word' id='word_1_277' title='bbox 927 3575 1058 3640; x_wconf 89' lang='lat' dir='ltr'>habent.</span> <span class='ocrx_word' id='word_1_278' title='bbox 1105 3597 1144 3640; x_wconf 90' lang='lat' dir='ltr'>ea</span> <span class='ocrx_word' id='word_1_279' title='bbox 1168 3597 1244 3639; x_wconf 90' lang='lat' dir='ltr'>cura</span> 
     </span>
     <span class='ocr_line' id='line_1_38' title="bbox 179 3663 1241 3748; baseline 0.003 -23"><span class='ocrx_word' id='word_1_280' title='bbox 179 3663 318 3748; x_wconf 86' lang='lat' dir='ltr'>formae,</span> <span class='ocrx_word' id='word_1_281' title='bbox 342 3663 398 3728; x_wconf 92' lang='lat' dir='ltr'>sed</span> <span class='ocrx_word' id='word_1_282' title='bbox 421 3665 587 3746; x_wconf 81' lang='lat' dir='ltr'>innoxiae3</span> <span class='ocrx_word' id='word_1_283' title='bbox 618 3685 722 3748; x_wconf 90' lang='lat' dir='ltr'>neque</span> <span class='ocrx_word' id='word_1_284' title='bbox 747 3665 833 3728; x_wconf 90' lang='lat' dir='ltr'>euim</span> <span class='ocrx_word' id='word_1_285' title='bbox 856 3674 890 3728; x_wconf 89' lang='lat' dir='ltr'>ut</span> <span class='ocrx_word' id='word_1_286' title='bbox 913 3673 1021 3728; x_wconf 90' lang='lat' dir='ltr'>ament</span> <span class='ocrx_word' id='word_1_287' title='bbox 1043 3673 1241 3746; x_wconf 89' lang='lat' dir='ltr'>amenturue,</span> 
     </span>
     <span class='ocr_line' id='line_1_39' title="bbox 179 3750 1243 3838; baseline 0.002 -25"><span class='ocrx_word' id='word_1_288' title='bbox 179 3752 213 3814; x_wconf 87' lang='lat' dir='ltr'>in</span> <span class='ocrx_word' id='word_1_289' title='bbox 235 3751 433 3818; x_wconf 89' lang='lat' dir='ltr'>altitudinem</span> <span class='ocrx_word' id='word_1_290' title='bbox 459 3750 619 3838; x_wconf 88' lang='lat' dir='ltr'>quandam</span> <span class='ocrx_word' id='word_1_291' title='bbox 644 3762 676 3816; x_wconf 88' lang='lat' dir='ltr'>et</span> <span class='ocrx_word' id='word_1_292' title='bbox 698 3763 854 3818; x_wconf 87' lang='lat' dir='ltr'>terrorem</span> <span class='ocrx_word' id='word_1_293' title='bbox 878 3751 995 3818; x_wconf 91' lang='lat' dir='ltr'>adituri</span> <span class='ocrx_word' id='word_1_294' title='bbox 1018 3751 1102 3817; x_wconf 91' lang='lat' dir='ltr'>bella</span> <span class='ocrx_word' id='word_1_295' title='bbox 1122 3753 1243 3838; x_wconf 89' lang='lat' dir='ltr'>compti</span> 
     </span>
     <span class='ocr_line' id='line_1_40' title="bbox 179 3842 682 3907; baseline 0.002 -3"><span class='ocrx_word' id='word_1_296' title='bbox 179 3850 214 3904; x_wconf 84' lang='lat' dir='ltr'>ut</span> <span class='ocrx_word' id='word_1_297' title='bbox 238 3842 375 3906; x_wconf 91' lang='lat' dir='ltr'>hostium</span> <span class='ocrx_word' id='word_1_298' title='bbox 399 3843 498 3907; x_wconf 91' lang='lat' dir='ltr'>oculis</span> <span class='ocrx_word' id='word_1_299' title='bbox 522 3850 682 3905; x_wconf 90' lang='lat' dir='ltr'>ornantur.</span> 
     </span>
    </p>
   </div>
   <div class='ocr_carea' id='block_1_4' title="bbox 0 0 1440 4407">
    <p class='ocr_par' dir='ltr' id='par_1_7' title="bbox 0 0 1440 4407">
     <span class='ocr_line' id='line_1_41' title="bbox 0 0 1440 4407; baseline 0 0"><span class='ocrx_word' id='word_1_300' title='bbox 0 0 1440 4407; x_wconf 95' lang='lat' dir='ltr'> </span> 
     </span>
    </p>
   </div>
  </div>
 </body>
</html>
