2872 4410
594 183 810 246 „10-

166 369 261 443 gunt,
297 367 461 444 tamquam
493 361 588 424 etium
616 360 759 424 animum
781 359 904 424 firmius
927 369 960 425 et
983 361 1111 426 domum
1135 362 1231 427 latius

165 457 304 513 teneant.
351 446 486 512 heredes
509 457 619 512 tamen
642 470 904 535 successoresque
928 452 977 514 sui
997 452 1111 537 cuique
1126 451 1229 535 liberi,

166 546 198 603 et
220 536 343 601 nullum
366 545 604 603 testamentum.
656 534 691 602 Si
722 539 817 603 liberi
851 561 915 603 non
947 549 1035 623 sunt,
1065 543 1230 627 proximus

165 624 282 712 gradus
305 627 339 688 in
362 628 562 711 possessione
585 625 719 709 fratres,
744 629 864 713 patrui,
896 627 1053 694 auonculi.
1101 627 1230 707 Quanto

165 715 236 802 plus
259 715 528 801 propinquorum,
560 736 622 800 quo
647 717 748 779 maior
770 714 916 781 affinium
938 739 1106 802 numerus,
1138 727 1229 783 tanto

166 804 289 890 gratior
312 814 473 887 senectus3
497 826 557 869 nec
581 803 645 867 ulla
669 805 816 869 orbitatis
840 807 953 891 pretia.

253 894 304 959 21.
328 889 499 981 Suscipere
515 903 583 958 tam
598 894 780 959 inimicitias
797 917 854 958 seu
869 895 970 980 patris
987 916 1043 958 seu
1058 895 1230 981 propinqui

165 1002 261 1066 quam
277 983 435 1046 amicitias
451 1003 582 1047 necesse
598 991 662 1065 est3
687 1004 746 1046 nec
759 983 966 1069 inplacabiles
982 983 1112 1048 durant:
1129 984 1228 1049 luitur

165 1073 251 1135 enim
284 1073 381 1135 etiam
412 1070 621 1136 homicidium
651 1081 737 1136 certo
765 1080 982 1137 armentorum
1010 1095 1048 1137 ac
1078 1095 1229 1159 pecorum

164 1181 295 1223 numero
318 1161 497 1246 recipitque
520 1161 771 1226 satisfactionem
793 1163 944 1226 uniuersa
963 1160 1086 1245 domus,
1110 1162 1229 1226 utiliter

163 1250 197 1312 in
219 1249 396 1334 publicum,
430 1250 506 1334 quia
536 1250 780 1335 periculosiores
812 1259 886 1315 sunt
918 1252 1104 1314 inimicitiae
1120 1299 1122 1304 .
1139 1253 1230 1317 iuxta

165 1337 357 1402 libertatem.
1113 1420 1115 1425 ‚

253 1425 460 1492 Oonuictibus
478 1435 509 1490 et
525 1427 669 1513 hospitiis
681 1449 746 1492 non
758 1427 821 1491 alie
833 1449 912 1512 gens
927 1427 1057 1492 effusius
1073 1427 1226 1512 indulget.

164 1512 406 1601 Quemcumque
430 1517 613 1580 mortalium
637 1537 746 1581 arcere
769 1525 855 1581 tecto
878 1516 969 1581 nefas
993 1517 1145 1601 habetur3
1170 1540 1228 1604 pro

164 1605 292 1668 fortuna
316 1607 452 1692 quisque
477 1606 637 1692 apparatis
662 1605 762 1692 epulis
787 1607 915 1691 excipit.
963 1602 1047 1670 Cum
1069 1604 1228 1688 defecere,

164 1695 219 1779 qui
248 1693 343 1758 modo
371 1692 487 1782 hospes
520 1694 627 1760 fuerat
658 1702 854 1759 monstrator
888 1695 1018 1781 hospitii
1038 1705 1081 1780 et
1109 1717 1227 1779 comes,

165 1784 347 1868 proximam
370 1782 500 1847 domurn
524 1805 587 1847 non
602 1784 730 1847 inuitati
746 1783 873 1848 adeunt.
909 1806 968 1849 nec
984 1785 1132 1850 interest:
1157 1785 1229 1871 pari

163 1869 363 1936 humanitate
386 1873 595 1959 accipiuntur.
631 1871 753 1936 Notum
776 1874 985 1959 ignotumque
1009 1883 1163 1959 quantum
1187 1873 1229 1938 ad

163 1961 212 2024 ius
235 1959 368 2046 hospitis
391 1983 484 2025 nemo
509 1961 670 2028 discernit.
717 1962 866 2047 abeunti,
900 1962 1005 2048 siquid
1036 1965 1227 2050 poposcerit,

168 2048 344 2114 concedere
377 2051 488 2133 moris3
523 2059 556 2114 et
583 2049 736 2136 poscendi
768 2052 906 2116 inuicem
937 2051 1048 2116 eadem
1082 2053 1227 2118 facilitas.

165 2135 318 2203 Gaudent
341 2139 537 2222 muneribus,
563 2139 619 2204 sed
642 2161 702 2204 nec
725 2139 802 2204 data
824 2142 983 2226 imputant
1006 2163 1064 2206 nec
1088 2143 1228 2226 acceptis

165 2226 356 2310 obligantur.
1185 2270 1187 2276 ι

254 2313 378 2402 [Victus
406 2317 491 2381 inter
514 2316 654 2402 hospites
679 2315 801 2402 comis]
848 2319 900 2380 22.
933 2319 1040 2380 statim
1065 2340 1082 2381 e
1106 2339 1226 2400 somno,

165 2426 260 2491 quem
290 2405 478 2491 plerumque
507 2407 539 2468 in
567 2403 652 2469 diem
685 2405 871 2485 extrahunt,
904 2405 1066 2486 lauantur,
1100 2407 1227 2491 saepius

165 2492 281 2578 calida,
317 2503 353 2558 ut
386 2492 472 2580 apud
503 2515 582 2579 quos
606 2495 778 2579 plurimum
810 2492 911 2558 hiems
940 2504 1084 2580 occupat.
1133 2492 1228 2557 Lauti

164 2582 271 2646 cibum
305 2585 448 2669 capiunt:
483 2592 651 2669 separatae
685 2583 818 2666 singulis
853 2581 943 2645 sedes
971 2593 1004 2648 et
1034 2604 1090 2647 sua
1113 2583 1228 2668 cuique

164 2693 283 2735 mensa.
331 2671 416 2736 Tum
445 2671 486 2737 ed
514 2673 647 2756 negotia
679 2694 738 2736 nec
767 2673 872 2736 minus
896 2693 994 2757 saepe
1016 2669 1057 2737 ad
1081 2674 1229 2736 conuiuia

165 2761 342 2846 procedunt
365 2763 490 2825 armati.
538 2762 635 2825 Diem
658 2769 848 2846 noctemque
872 2763 1059 2825 continuare
1087 2760 1227 2847 potando

165 2849 243 2913 nulli
265 2851 427 2937 probrum.
476 2849 631 2934 Crebrae,
657 2860 692 2913 ut
714 2852 800 2914 inter
822 2851 1017 2934 uinulentos‚
1042 2852 1131 2915 rixae
1154 2873 1227 2915 raro

166 2939 327 3022 conuiciis,
353 2941 479 3024 saepius
503 2939 599 3004 caede
623 2947 654 3003 et
676 2939 861 3003 uulneribus
885 2941 1115 3022 transiguntur.

253 3023 319 3091 Sed
342 3035 375 3092 et
399 3026 438 3090 de
461 3026 703 3092 reconciliandis
726 3028 865 3092 inuicem
888 3029 1025 3092 inimicis
1048 3038 1079 3093 et
1095 3030 1227 3112 iungen-

163 3113 211 3179 dis
235 3114 443 3180 affinitatibus
467 3124 499 3180 et
522 3115 736 3180 adsciscendis
752 3117 960 3203 principibus,
986 3116 1025 3182 de
1045 3139 1125 3204 pace
1140 3116 1227 3180 deni-

165 3225 226 3289 que
249 3227 286 3268 ac
309 3204 393 3270 bello
417 3206 608 3291 plerumque
623 3206 655 3269 in
676 3207 831 3270 conuiuiis
849 3207 1227 3290 consultantstamquam

163 3292 249 3357 nullo
273 3295 377 3378 magis
400 3303 545 3380 tempore
569 3294 688 3360 autad
711 3294 870 3380 simplices
891 3296 1102 3380 cogitationes
1117 3301 1227 3380 pateat

163 3383 286 3447 animus
310 3393 365 3448 aut
388 3383 429 3448 ad
452 3405 587 3468 magnas
609 3384 791 3448 incalescat.

255 3469 344 3536 Gens
376 3494 440 3537 non
469 3482 574 3536 astuta
603 3493 663 3536 nec
695 3470 809 3537 callida
840 3475 944 3558 aperit
976 3471 1079 3536 adhuc
1107 3479 1228 3534 secrete

163 3562 302 3646 pectoris
325 3561 455 3626 licentia
477 3562 548 3629 ioci.
579 3559 668 3645 Ergo
685 3560 811 3625 detecta
827 3571 859 3625 et
874 3559 960 3625 nuda
980 3563 1120 3624 omnium
1137 3581 1226 3623 mens

163 3657 291 3734 postera
314 3649 366 3714 die
390 3659 593 3729 retractatur,
618 3659 649 3714 et
673 3650 761 3714 salua
784 3651 950 3736 utriusque
974 3650 1127 3734 temporis
1143 3651 1227 3713 ratio

164 3745 226 3801 est:
253 3737 446 3823 deliberant,
471 3738 547 3802 dum
570 3737 693 3822 fingere
717 3741 879 3823 nesciunt,
905 3740 1115 3821 constituunt,
1150 3737 1227 3802 dum

164 3847 271 3891 errare
294 3849 357 3891 non
380 3837 522 3914 possunt.
