2872 4410
649 179 845 243 -9..

213 366 309 442 atque
341 357 480 420 inuicem
512 357 583 443 ipsa
612 377 775 420 armorum
805 353 926 441 aliquid
949 356 1018 418 uiro
1042 355 1156 420 adfert.
1204 354 1277 420 Hoc

212 447 390 509 maximum
412 445 588 521 uinculum,
620 443 700 508 baec
730 467 848 510 arcana
874 467 981 526 sacra,
1012 443 1070 508 hos
1094 443 1277 527 coniugales

213 534 289 599 deos
313 533 520 602 arbitrantur.
567 531 618 598 Ne
649 556 684 599 se
710 535 826 598 mulier
858 542 951 598 extra
980 534 1134 597 uirtutum
1158 535 1277 617 cogita·

212 625 315 688 tiones
348 632 504 708 extraque
531 623 686 688 bellorum
714 645 806 688 casus
840 631 947 709 putet,
981 623 1059 709 ipsis
1093 623 1276 709 incipientis

213 713 408 777 matrimonii
431 713 581 798 auspiciis
605 711 806 794 admonetur,
830 713 942 776 uenire
965 734 999 776 se
1021 711 1169 776 laborum
1192 713 1274 797 peri·

214 801 420 886 aularumque
444 802 573 884 sociam,
597 801 683 865 idem
706 803 739 864 in
761 823 851 887 pace,
876 800 962 865 idem
977 803 1011 865 in
1026 800 1146 887 proelio
1166 823 1276 886 passu·

212 913 281 954 ram
305 911 535 975 ausuramque:
571 888 633 954 boc
655 891 756 954 iuncti
778 891 894 973 boues,
926 889 985 954 hoc
1009 899 1139 975 paratus
1164 910 1274 974 equus,

212 977 274 1043 hoc
297 977 373 1043 data
395 1001 486 1044 arma
501 979 700 1044 denuntiant.
741 979 786 1044 sic
802 976 985 1061 uiuendum,
1009 978 1055 1042 sic
1071 977 1273 1065 pariendum:

213 1069 359 1154 accipere
382 1091 416 1132 se
439 1090 522 1154 quae
545 1068 654 1133 liberis
678 1069 832 1132 inuiolata
855 1089 893 1132 ac
916 1067 1014 1150 digna
1036 1066 1159 1148 reddat,
1193 1089 1275 1153 quae

212 1179 311 1221 nurus
348 1159 507 1243 accipiant
543 1179 687 1239 rursus,
717 1179 799 1242 quae
837 1155 878 1220 ad
915 1166 1046 1242 nepotes
1084 1157 1273 1222 referantur.

215 1247 264 1310 19.
289 1245 379 1330 Ergo
413 1255 527 1331 saepta
557 1245 713 1332 pudicitia
744 1255 859 1330 agunt,
895 1245 988 1310 nullis
1021 1246 1275 1332 spectaculorum

213 1334 387 1419 illecebris,
427 1335 521 1400 nullis
560 1337 780 1399 conuiuiorum
822 1334 1054 1398 irritationibus
1093 1344 1273 1421 corruptae.

214 1422 414 1488 Litterarum
438 1434 563 1489 secreta
585 1425 647 1488 uiri
670 1425 792 1510 pariter
816 1445 853 1488 ac
876 1423 1016 1488 feminae
1039 1425 1198 1508 ignorant.

302 1511 500 1578 Paucissima
518 1514 552 1576 in
567 1521 633 1576 tam
650 1534 821 1578 numerosa
837 1521 934 1596 gente
949 1512 1116 1595 adulteria,
1141 1533 1274 1598 quorum

212 1623 315 1687 poena
336 1623 489 1688 praesens
513 1611 545 1666 et
561 1603 684 1666 maritis
700 1603 868 1687 permissa:
893 1602 1025 1666 abscisis
1042 1602 1192 1684 crinibus,
1217 1620 1273 1664 nu·

212 1687 335 1774 datam,
370 1713 478 1755 coram
509 1690 697 1778 propinquis
725 1689 855 1777 expellit
883 1689 977 1754 domo
1000 1692 1133 1754 maritus
1157 1713 1195 1754 ac
1218 1711 1276 1776 per

213 1801 340 1842 omnem
362 1781 469 1844 uicum
492 1779 626 1845 uerbere
649 1781 726 1864 agit.
774 1778 960 1843 Publicatae
990 1781 1073 1844 enim
1103 1779 1276 1866 pudicitiae

211 1867 298 1932 nulla
320 1870 430 1933 uenia:
455 1891 518 1933 non
540 1869 654 1952 forma,
678 1890 741 1932 non
764 1877 879 1950 aetate,
903 1891 966 1932 non
990 1869 1103 1955 opibus
1124 1871 1275 1933 maritum

212 1957 380 2021 inuenerit.
427 1957 532 2022 Nemo
561 1960 646 2022 enim
667 1958 732 2022 illic
755 1958 835 2023 uitia
857 1957 954 2041 ridet,
987 1980 1047 2022 nec
1069 1979 1275 2044 corrumpere

213 2055 245 2110 et
268 2048 430 2132 corrumpi
453 2045 615 2111 saeculum
638 2057 781 2111 uocatur.
814 2044 929 2111 Melius
952 2046 1082 2132 quidem
1098 2046 1201 2111 adhuc
1218 2067 1274 2110 eae

213 2136 375 2220 ciuitates,
408 2137 440 2200 in
465 2136 579 2220 quibus
602 2143 728 2200 tantum
751 2137 894 2218 uirgines
916 2137 1041 2200 nubunt
1064 2143 1096 2200 et
1119 2158 1192 2200 cum
1217 2157 1273 2221 spe

212 2233 349 2309 uotoque
381 2226 489 2288 uxoris
522 2223 621 2288 semel
655 2224 852 2307 transigitur.
899 2221 953 2289 Sic
986 2246 1084 2289 unum
1114 2225 1275 2311 accipiunt

213 2314 365 2376 maritum
388 2312 545 2398 quomodo
569 2335 668 2377 unum
692 2334 808 2400 corpus
831 2335 991 2399 unamque
1014 2315 1123 2398 uitam,
1147 2335 1188 2378 ne
1211 2312 1275 2377 ulla

212 2403 364 2486 cogitatio
380 2402 474 2484 ultra,
492 2425 532 2466 ne
547 2401 672 2486 longior
688 2401 856 2489 cupiditas,
874 2425 915 2468 ne
932 2412 1097 2488 tamquam
1111 2405 1273 2485 maritum,

213 2489 269 2554 scd
292 2501 457 2576 tamquam
479 2492 717 2556 matrimonium
733 2500 850 2556 ament.

302 2578 480 2644 Numerum
495 2580 670 2644 liberorum
685 2580 777 2644 finire
792 2591 847 2645 aut
863 2601 1056 2666 quemquam
1073 2603 1114 2644 ex
1129 2578 1277 2664 adgnatis

213 2690 329 2734 necare
352 2669 510 2752 flagitium
533 2667 679 2752 babetur,
704 2670 838 2756 plusque
861 2669 906 2732 ibi
929 2669 1005 2732 boni
1028 2691 1133 2733 mores
1156 2668 1275 2753 ualent,

212 2779 308 2843 quam
333 2757 408 2821 alibi
431 2756 534 2821 bonae
557 2756 654 2842 leges.
702 2759 754 2824 20.
779 2757 819 2820 In
842 2759 929 2821 omni
945 2756 1039 2822 domo
1055 2756 1132 2823 nudi
1148 2780 1186 2823 ac
1209 2779 1274 2821 sor·

211 2845 277 2910 didi
299 2849 331 2910 in
355 2846 412 2909 hos
435 2855 534 2929 artus,
558 2848 590 2909 in
611 2845 691 2910 baec
708 2867 851 2931 corpora,
876 2867 958 2931 quae
975 2849 1138 2929 miramur,
1163 2869 1273 2912 excre-

210 2945 311 2998 scunt.
359 2956 417 2998 sua
440 2956 600 3020 quemque
623 2944 726 3000 mater
748 2935 901 2999 uberibus
924 2934 990 3019 alit,
1016 2957 1075 3000 nec
1098 2935 1220 3000 ancillis
1235 2958 1274 2999 ac

210 3023 388 3088 nutricibus
412 3023 610 3108 delegantur.
657 3023 834 3088 Dominum
861 3047 900 3088 ac
928 3045 1056 3088 seruum
1080 3023 1173 3088 nullis
1197 3022 1272 3089 edu-

211 3114 345 3176 cationis
369 3111 490 3176 deliciis
514 3111 676 3176 dinoscas:
711 3112 932 3178 intercedam
955 3135 1082 3199 pecora,
1106 3115 1139 3176 in
1163 3111 1274 3177 eadem

210 3202 307 3266 humo
347 3200 482 3285 degunt,
525 3201 626 3266 donec
668 3210 758 3266 actas
797 3210 926 3287 separet
963 3203 1134 3286 ingenuos,
1170 3202 1272 3266 uirtus

210 3297 374 3374 agnoscat.
400 3287 481 3354 Sera
494 3290 644 3355 iuuenum
657 3312 768 3371 uenus,
787 3312 888 3374 coque
905 3290 1095 3355 inexhausta
1111 3291 1271 3376 pubertas.

210 3378 279 3443 Nec
303 3379 443 3462 uirgines
467 3378 666 3444 festinantur.
714 3379 825 3444 eadem
849 3381 997 3463 iuuenta,
1029 3379 1139 3444 similis
1163 3402 1272 3465 proce-

210 3470 304 3550 ritas3
336 3489 431 3553 pares
458 3468 649 3553 ualidaeque
678 3468 866 3552 miscentur3
899 3491 937 3532 ac
964 3468 1081 3533 robora
1104 3478 1273 3554 parentum

210 3557 303 3622 liberi
325 3556 476 3620 referunt.

299 3643 453 3710 Sororum
475 3641 549 3708 filiis
572 3645 656 3710 idam
679 3644 766 3732 apud
789 3645 982 3709 auunculum
1006 3647 1061 3730 qui
1084 3646 1124 3710 ad
1148 3655 1273 3731 patrem

209 3732 319 3798 bonor.
352 3730 490 3810 Quidam
514 3735 706 3798 sanctiorem
729 3735 943 3819 artioremque
967 3733 1051 3799 hunc
1066 3757 1184 3799 nexum
1200 3757 1271 3800 san-

210 3824 316 3907 guinis
340 3822 535 3886 arbitrantur
559 3823 646 3885 etin
669 3823 863 3908 accipiendis
887 3821 1050 3887 obsidibus
1078 3825 1182 3906 magis
1206 3826 1270 3887 exi·
