2872 4410
614 166 810 226 -2-

122 335 125 338 ⁵
179 337 291 405 Gallos
314 340 505 426 expulerint,
529 362 567 403 ac
589 361 673 403 nunc
699 339 833 424 Tungri,
857 349 935 404 tunc
959 338 1115 406 Germani
1138 345 1243 407 uocati

178 431 250 493 sint.
297 431 343 492 ita
364 429 502 493 nationis
522 450 656 512 nomon,
680 450 744 492 non
767 431 872 514 gentis
896 429 1052 496 eualuisse
1076 432 1241 517 paulatim,

177 526 213 582 ut
237 539 347 582 omnes
370 519 510 604 primum
533 540 554 582 a
575 519 699 582 uictore
722 518 762 582 eb
782 528 915 603 metum,
936 541 1013 583 mox
1029 530 1096 584 eta
1115 543 1150 585 se
1165 521 1242 608 ipsis

177 609 307 672 inuento
329 609 458 671 nominc
482 604 638 671 Germani
660 613 854 672 uocarentur

267 697 296 760 3.
322 695 436 760 Fuisse
456 704 488 760 et
504 694 589 781 apud
605 717 659 760 eos
674 695 851 761 Herculem
874 707 1063 780 memorant,
1087 700 1241 783 primum·

178 806 240 871 que
264 785 406 849 omnium
429 784 569 849 uirorum
595 785 725 849 fortium
748 787 824 849 ituri
846 787 880 849 in
902 786 1024 872 proelia
1049 796 1176 850 canunt.

267 870 349 940 Sunt
369 874 431 937 illis
447 873 526 939 haec
543 895 670 960 quoque
686 876 838 959 carmina,
861 896 997 960 quorum
1012 875 1126 959 relatu,
1146 898 1242 961 quem

177 962 318 1028 baritum
352 972 484 1044 uocant,
519 960 699 1027 accendunt
732 965 855 1027 animos
888 963 1079 1049 futuraeque
1113 987 1243 1050 pugnae

177 1052 338 1116 fortunam
361 1053 431 1139 ipso
455 1061 551 1116 cantu
574 1061 790 1136 augurantur3
815 1062 935 1117 terrent
959 1054 1044 1118 enim
1069 1053 1241 1140 trepidant·

176 1163 226 1225 ue,
251 1149 346 1226 prout
369 1142 474 1205 sonuit
497 1143 591 1225 aciae,
615 1163 676 1206 nec
698 1151 765 1204 tam
786 1163 881 1205 uoces
904 1142 978 1206 illae
1002 1164 1097 1227 quam
1113 1144 1241 1207 uirtutis

177 1239 351 1294 concentus
372 1227 530 1294 uidentur.
574 1227 766 1294 Adfectatur
787 1231 961 1316 praecipue
987 1233 1145 1317 asperitas
1174 1235 1242 1296 soni

178 1328 210 1383 et
233 1318 372 1384 fractum
394 1341 548 1400 murmur,
573 1317 706 1383 obiectis
730 1316 771 1381 ad
791 1341 825 1384 os
850 1321 958 1404 scutis,
983 1342 1046 1405 quo
1069 1319 1193 1406 plenior
1209 1329 1242 1386 et

176 1410 307 1493 grauior
329 1430 394 1472 uox
416 1429 607 1494 repercussu
630 1409 831 1473 intumescat.

191 1540 193 1553 ·
266 1494 417 1562 Getarum
451 1505 483 1561 et
510 1496 626 1560 Vlixen
657 1495 787 1582 quidam
816 1498 985 1582 opinantur
1011 1497 1108 1582 longo
1130 1497 1185 1561 illo
1209 1506 1242 1562 ct

176 1586 321 1651 fabuloso
350 1608 457 1650 errore
486 1586 520 1650 in
551 1586 637 1650 hunc
665 1583 832 1650 Oceanum
860 1585 1001 1650 delatum
1031 1584 1136 1652 adisse
1161 1584 1241 1652 Ger·

176 1677 304 1740 maniae
321 1683 433 1758 terras,
452 1672 751 1760 Asciburgiumque,
774 1673 858 1760 quod
878 1677 911 1738 in
931 1676 1002 1761 ripa
1017 1675 1121 1739 Rheni
1144 1676 1241 1740 situm

176 1762 335 1849 hodieque
358 1765 528 1844 incolatur,
553 1763 594 1826 ab
618 1763 671 1827 illo
695 1766 902 1828 constitutum
924 1765 1195 1850 nominatumque.

264 1853 366 1917 Aram
386 1854 462 1937 quin
482 1853 578 1916 etiam
595 1851 683 1916 Vlixi
706 1862 935 1936 consecratam,
960 1852 1084 1926 adiecto
1101 1851 1241 1919 Laertae

176 1942 279 2028 patris
302 1943 439 2024 nemine,
465 1939 579 2004 eodem
601 1941 671 2006 loco
688 1941 764 2005 olim
785 1950 957 2028 repertam,
982 1943 1241 2029 monimentaque

177 2039 210 2096 et
230 2031 370 2095 tumulos
386 2027 540 2116 quosdam
557 2026 691 2094 Graecis
715 2031 831 2095 litteris
855 2031 1025 2116 inscriptos
1049 2033 1082 2094 in
1105 2031 1240 2095 confinio

177 2117 373 2184 Germaniae
395 2120 592 2204 Raetiaeque
619 2118 723 2184 adhuc
754 2129 873 2184 extare.
925 2117 1017 2196 Quae
1039 2142 1143 2205 neque
1167 2141 1240 2184 con-

175 2206 306 2274 firmare
329 2209 527 2293 argumentis
554 2229 658 2294 neque
682 2207 828 2273 refellere
851 2211 884 2273 in
906 2211 1011 2273 animo
1035 2217 1099 2272 est:
1128 2231 1168 2272 ex
1196 2210 1240 2271 in-

176 2299 271 2381 genio
302 2320 357 2362 suo
391 2299 525 2382 quisque
552 2296 660 2362 demat
688 2297 740 2360 uel
763 2296 861 2362 addat
884 2294 989 2361 fidem.
1036 2296 1067 2362 4.
1091 2295 1167 2383 Ipse
1190 2320 1241 2361 eo-

176 2408 248 2449 rum
277 2383 501 2472 opinionilbus]
531 2385 665 2469 accedo,
694 2387 748 2471 qui
772 2383 967 2450 Germaniae
990 2385 1124 2471 populos
1147 2386 1240 2450 nullis

178 2472 271 2561 [aliis]
307 2476 442 2540 aliarum
473 2474 639 2568 nationum
675 2473 817 2540 conubiis
848 2474 981 2538 infectos
1012 2476 1176 2561 propriam
1208 2483 1241 2538 et

177 2565 334 2628 sinceram
361 2572 394 2628 et
422 2572 548 2627 tantum
576 2565 626 2626 sui
655 2563 790 2627 similem
820 2571 950 2647 gentem
981 2565 1126 2628 extitisse
1156 2563 1240 2628 arbi·

176 2662 310 2717 trantur.
354 2649 450 2716 Vnde
476 2652 605 2717 habitus
632 2674 759 2737 quoqne
786 2674 965 2738 corporum,
990 2674 1184 2738 quamquam
1207 2654 1240 2716 in

176 2751 266 2807 tanto
289 2741 454 2805 hominum
476 2763 619 2825 numero,
644 2740 730 2805 idem
747 2742 902 2806 omnibus.
942 2751 1049 2805 truces
1066 2751 1098 2805 et
1122 2741 1241 2806 caeruli

178 2831 270 2914 oculi,
285 2826 410 2895 'rutilae
433 2852 554 2912 comae,
579 2852 698 2915 magna
720 2852 855 2916 corpora
878 2839 911 2895 et
930 2840 1053 2894 tantum
1077 2829 1119 2895 ad
1141 2833 1241 2917 impc-
1306 2899 1308 2906 ,

176 2929 246 2985 tum
269 2919 392 2984 ualida:
419 2919 539 2984 laboris
566 2930 663 3004 atque
686 2942 818 3006 operum
841 2942 905 2984 non
933 2919 1045 2984 eadem
1069 2921 1239 3006 patientia3

176 3010 373 3094 minimeque
402 3010 490 3072 sitim
517 3016 706 3094 aestumque
733 3009 881 3092 tolerare,
906 3007 1030 3093 frigora
1053 3017 1151 3094 atque
1174 3011 1239 3073 ine·

178 3095 263 3163 diam
287 3097 376 3162 caelo
400 3096 508 3161 solone
532 3094 758 3162 adsueuerunt.

268 3188 297 3250 5.
322 3185 426 3250 Terra
449 3188 509 3250 etsi
532 3185 695 3272 aliquanto
719 3187 826 3273 specie
850 3183 973 3269 differt,
999 3188 1032 3250 in
1055 3187 1240 3250 uniuersum

177 3285 286 3340 tamen
320 3283 376 3339 aut
411 3275 498 3339 siluis
529 3274 659 3338 horrida
691 3285 746 3340 aut
776 3272 945 3360 paludibus
968 3273 1079 3358 foeda,
1103 3271 1241 3337 umidior

178 3386 242 3450 qua
264 3362 397 3447 Gallias,
421 3365 585 3429 uentosior
609 3385 673 3449 qua
695 3363 850 3428 Noricum
874 3386 912 3427 ac
934 3364 1135 3428 Pannoniam
1157 3363 1239 3448 aspi-

178 3455 236 3536 cit3
263 3455 339 3518 satis
355 3453 455 3534 ferax,
473 3453 703 3538 frugiferarum
719 3454 871 3517 arborum
886 3454 1069 3539 impatiens,
1086 3473 1239 3538 pecorum

177 3541 332 3624 fecunda,
357 3541 413 3606 scd
436 3541 624 3627 plerumque
646 3544 826 3628 inprocera.

266 3631 318 3695 Ne
347 3632 501 3696 armentis
530 3629 659 3716 quidem
683 3653 757 3694 suus
780 3629 882 3694 honor
905 3639 961 3695 aut
983 3631 1086 3716 gloria
1109 3629 1240 3711 irentis3

176 3743 310 3785 numero
357 3720 513 3805 gaudent,
560 3741 679 3806 eaeque
722 3721 808 3785 solae
851 3728 884 3784 et
922 3720 1125 3804 gratissimae
1163 3740 1240 3803 opes

177 3820 259 3875 sunt.
