2872 4410
603 204 822 284 ..20-

178 402 253 467 dam
276 411 373 490 atque
397 402 493 465 etiam
510 400 653 465 uolucria
668 399 818 464 animalia
834 399 1024 485 plerumque
1040 400 1240 484 interlucent,

179 513 262 577 quae
284 489 450 577 implicata
472 511 582 554 amore
605 510 681 553 mox
702 486 892 554 durescente
908 491 1045 554 materia
1060 487 1240 554 cluduntur.

178 577 380 645 Fecundiora
402 581 502 664 igitur
521 601 654 643 nemora
669 578 831 663 lucosque,
857 581 938 643 sieut
954 579 1083 643 orientis
1099 581 1241 662 seeretis,

179 668 234 733 ubi
255 678 328 733 tura
343 668 549 754 balsamaque
566 666 730 748 sudantur,
755 668 800 731 ita
816 666 989 732 occidentis
1004 667 1113 733 insulis
1134 671 1240 733 terris-

179 781 242 844 que
257 760 360 822 inesse
372 755 572 841 crediderim,
586 779 668 842 quae
680 759 777 820 uicini
789 756 864 821 solis
876 755 974 842 radiis
987 779 1138 843 expressa
1146 767 1243 843 atque

178 847 200 911 li
223 848 333 912 nentia
347 849 381 911 in
396 848 579 933 proximum
594 869 683 910 mare
698 845 851 910 labuntur
866 869 904 909 ac
919 848 952 909 ui
967 855 1194 932 tempestatum
1210 848 1243 910 in

178 869 314 1002 aduersa
336 936 430 1001 litora
453 934 625 1002 exundant.
671 937 699 1000 si
721 945 869 1000 naturam
893 936 994 1000 sucini
1017 936 1145 1000 admoto
1168 937 1243 1021 igne

179 1033 331 1112 temptes,
358 1027 392 1089 in
414 1023 544 1089 modum
575 1023 690 1090 taedae
719 1023 902 1089 accenditur
930 1024 1049 1110 alitque
1080 1025 1243 1091 flammam

179 1117 333 1202 pinguem
351 1124 383 1179 et
406 1115 553 1199 olentem,
577 1138 652 1179 mox
666 1124 702 1178 ut
717 1114 751 1177 in
765 1117 872 1202 picem
891 1117 1071 1179 resinamue
1086 1115 1242 1180 lentescit.

268 1202 441 1272 Suionibus
465 1202 613 1270 Sitonum
645 1213 758 1289 gentes
789 1205 1024 1271 continuantur.
1072 1214 1181 1269 cetera
1203 1206 1242 1268 si·

180 1293 271 1358 miles
294 1315 357 1358 uno
381 1290 544 1377 differunt,
575 1291 660 1380 quod
683 1293 803 1358 femina
832 1290 1027 1358 dominatur:
1064 1296 1096 1358 in
1119 1302 1243 1358 tantum

178 1405 242 1448 non
265 1383 359 1448 modo
382 1405 403 1447 a
424 1382 584 1465 libertate,
609 1381 665 1446 sed
688 1383 787 1447 etiam
810 1405 830 1447 a
853 1384 1008 1447 seruitute
1032 1382 1239 1467 degenerant.

180 1471 245 1536 Hic
267 1468 402 1536 Suebiae
425 1469 507 1536 linis.

269 1562 321 1626 46.
369 1559 579 1625 Peucinorum
604 1559 890 1646 Venethorumque
921 1571 954 1625 et
976 1561 1160 1626 Fennorum
1191 1584 1243 1626 na·

180 1651 283 1714 dones
311 1647 483 1714 Germanis
513 1673 555 1715 an
578 1648 737 1715 Sarmatis
760 1651 942 1715 adscribam
973 1650 1098 1732 dubito,
1134 1673 1243 1736 quam-

181 1762 277 1826 quam
300 1739 449 1823 Peucini,
484 1761 562 1824 quos
587 1739 717 1824 quidam
741 1739 916 1804 Bastarnas
939 1750 1068 1824 uocant,
1100 1763 1245 1806 sermone

183 1828 270 1893 cultu
294 1828 370 1894 sede
393 1851 431 1893 ao
454 1828 623 1894 domiciliis
646 1839 681 1893 ut
705 1827 861 1894 Germani
888 1839 997 1914 agunt.
1045 1827 1156 1894 sordes
1180 1853 1243 1894 om·

180 1919 270 1983 nium
297 1940 335 1982 ac
367 1928 477 2005 torpor
506 1940 676 2005 procerum
709 1919 853 1983 conubiis
883 1920 1002 1983 mixtos
1025 1941 1088 1983 non
1111 1919 1190 1983 nihil
1212 1921 1245 1984 in

183 2005 404 2072 Sarmatarum
427 2007 572 2071 habitum
596 2005 735 2071 foedant.
782 2007 921 2072 Venethi
943 2010 1079 2072 multum
1096 2030 1136 2072 ex
1151 2011 1246 2073 mori-

181 2097 241 2160 bus
256 2105 433 2163 traxerunt.
462 2119 537 2161 nam
554 2095 705 2182 quicquid
722 2098 807 2161 inter
819 2096 976 2162 Peucinos
989 2097 1180 2184 Fennosque
1197 2097 1247 2161 sil·

182 2208 295 2251 uarum
313 2208 351 2249 ac
370 2187 524 2250 montium
542 2187 677 2270 erigitur
692 2187 866 2250 latrociniis
883 2196 1066 2271 pererrant:
1090 2186 1124 2250 hi
1139 2197 1247 2251 tamen

181 2276 265 2339 inter
281 2272 460 2340 Germanos
476 2277 582 2361 potius
597 2276 790 2360 referuntur,
808 2278 884 2360 quia
898 2285 930 2340 et
946 2276 1056 2340 domos
1073 2274 1199 2359 fingunt
1215 2286 1248 2340 et

182 2373 272 2429 scuta
287 2373 414 2448 gestant
431 2374 463 2429 et
486 2365 626 2451 peduum
648 2387 708 2428 usu
731 2388 768 2429 ae
785 2365 973 2452 pernicitate
989 2363 1140 2449 gaudent,
1165 2388 1247 2452 quae

182 2455 290 2518 omnia
302 2452 430 2518 diuersa
438 2450 595 2519 Sarmatis
605 2464 679 2518 sunt
695 2456 727 2516 in
739 2453 882 2541 plaustro
895 2475 1040 2540 equoque
1052 2455 1245 2522 uiuentibus.

270 2543 391 2607 Fennis
414 2544 496 2606 mira
518 2543 641 2624 feritas,
666 2541 762 2608 foeda
777 2552 963 2629 paupertas:
988 2565 1051 2606 non
1067 2566 1166 2623 arma,
1183 2565 1247 2606 non

183 2632 267 2719 equi,
292 2653 356 2695 non
378 2642 527 2719 penates3
563 2633 663 2696 uictui
687 2631 801 2716 herba,
837 2633 966 2696 uestitui
989 2631 1106 2719 pelles,
1142 2632 1246 2697 cubile
1277 2656 1279 2660 ’

182 2720 314 2784 humus:
345 2719 433 2786 solae
464 2723 497 2785 in
530 2722 657 2806 sagittis
680 2744 763 2808 spes,
788 2744 867 2808 quas
890 2722 998 2808 inopia
1021 2723 1099 2786 ferri
1122 2723 1247 2787 ossibus

182 2818 342 2895 asperent.
388 2809 537 2896 idemque
559 2820 696 2876 uenatus
718 2812 804 2874 uiros
827 2811 948 2898 pariter
963 2834 1002 2876 ao
1017 2809 1152 2876 feminas
1173 2812 1246 2893 alit3

182 2900 302 2985 passim
326 2899 409 2964 enim
435 2901 629 2964 comitantur
645 2911 834 2986 partemque
857 2900 996 2986 praedae
1019 2908 1141 2986 petunt.
1188 2922 1247 2965 neo

182 2985 268 3052 aliud
291 2988 467 3052 infantibus
490 2988 631 3054 ferarum
654 2989 868 3075 imbriumque
892 2988 1075 3072 suffugium,
1100 3012 1196 3074 quam
1213 2998 1248 3053 ut

183 3079 216 3142 in
232 3077 339 3162 aliquo
354 3098 517 3143 ramorum
533 3098 617 3143 nexu
634 3087 860 3162 contegantur:
876 3078 939 3142 huc
954 3076 1091 3142 redeunt
1105 3081 1247 3162 iuuenes,

182 3166 244 3232 hoc
266 3188 379 3230 senum
402 3167 650 3253 receptaculum.
698 3167 754 3233 sed
775 3168 900 3232 beatius
920 3166 1127 3251 arbitrantur,
1151 3190 1247 3255 quam

183 3257 349 3339 ingemere
364 3257 462 3340 agris,
484 3256 664 3322 inlaborare
681 3255 836 3339 domibus,
861 3278 934 3321 suas
949 3256 1132 3343 alienasque
1150 3257 1248 3322 fortu-

184 3367 241 3409 nas
265 3367 322 3431 spe
344 3355 495 3433 metuque
517 3367 657 3411 uersare.
704 3347 807 3411 securi
830 3344 984 3411 aduersus
1013 3345 1172 3430 homines,
1201 3367 1246 3410 se-

184 3435 253 3499 curi
271 3433 425 3499 aduersus
441 3435 526 3517 deos,
549 3458 618 3500 rem
635 3433 855 3500 difficillimam
870 3433 1016 3501 adsecuti
1032 3445 1120 3519 sunt,
1136 3443 1172 3499 ut
1186 3434 1249 3498 illis

183 3545 224 3588 ne
240 3532 315 3587 uoto
332 3522 462 3608 quidem
485 3546 564 3611 opus
588 3534 681 3591 esset.

274 3609 392 3678 Cetera
420 3613 484 3676 iam
512 3612 666 3678 fabulosa.
712 3611 874 3678 Hellusios
902 3621 935 3678 et
958 3613 1092 3677 Ftionas
1116 3633 1172 3677 ora
1194 3609 1249 3675 ho·

183 3702 306 3766 minum
329 3702 516 3787 uoltusque,
551 3724 687 3788 corpora
716 3710 813 3787 atque
836 3709 925 3767 artus
954 3703 1096 3767 ferarum
1124 3721 1248 3786 gerere.

184 3787 270 3878 quod
293 3812 353 3875 ego
376 3800 413 3854 ut
434 3792 668 3878 incompertum
689 3792 723 3856 in
746 3789 886 3857 medium
909 3792 1097 3877 rehnquam.

614 3953 823 3997 —waeuoo—
